1768 3125
288 164 378 195 xN
451 163 1156 196 erLoPA‘ran.
1345 154 1446 196 553.

60 288 164 335 jusce
204 285 461 323 distortissimi
501 285 625 323 foetus
661 292 855 333 parentem
899 285 948 323 ad
993 289 1161 333 tempora
1204 285 1442 333 imperatoris

60 352 215 403 Trajani
242 355 432 402 referunt,
477 367 561 391 cum
591 367 634 391 ea
664 355 783 402 mag-is
813 355 851 391 in
878 351 1040 390 Neronis
1082 360 1145 390 aut
1185 354 1298 390 etiam
1329 351 1443 392 Clau-

63 422 115 459 dii
144 423 332 470 pertinere
364 435 498 469 posse,
543 423 665 469 quivis
703 422 814 459 facile
846 422 936 459 lolio
966 436 1042 459 uon
1070 422 1240 458 victitans
1268 422 1442 470 pervide-

61 490 126 527 rit.
187 487 304 527 Plane
332 489 483 537 quidem
521 491 585 537 qui
626 497 701 526 tam
731 490 820 527 belli
862 491 969 538 pueri
1009 497 1117 538 pater
1156 497 1236 537 est,
1280 487 1442 528 Neronis

61 558 274 607 principatu
303 572 389 595 eum
419 559 596 605 suscepit.
628 555 814 595 Mimcln.
874 556 1052 605 Spurium
1080 555 1339 605 Spunltemius
1360 559 1446 596 alii-

62 640 136 675 que
182 627 316 674 multi,
369 627 572 675 genuinum
613 626 786 663 videntur
824 627 1042 664 existimare
1085 626 1211 664 cavus
1261 630 1358 664 129.
1407 633 1445 665 et

63 692 251 742 Theologi
291 694 487 742 nonnulli;
529 693 598 731 sed
632 694 756 741 palam
793 700 874 742 est,
920 707 1004 731 esse
1042 695 1227 742 spurium.
1288 693 1445 732 Son-m.

62 759 126 800 De
151 763 302 799 nomine
338 757 587 812 (Βιλόπατρις
615 762 712 798 inter
741 762 865 809 elogia
894 760 1081 799 honorum
1111 775 1153 799 ac
1182 762 1338 800 laudum
1377 777 1447 811 po·-

64 831 162 878 sito,
192 844 229 868 v.
258 829 441 867 Perizon.
473 828 520 866 ad
547 828 714 866 Aeliam.
745 827 819 876 Ill,
853 833 919 867 26.
952 829 1099 867 collatis
1129 829 1335 879 addendis,
1379 831 1446 868 ubi

63 912 187 947 neque
224 896 337 945 liujus
374 897 628 943 inscriptionis
667 897 925 945 obliviscitur,
965 910 1087 944 neque
1126 897 1227 944 quod
1263 899 1303 934 in
1332 896 1449 936 Pere-

63 967 271 1015 g1-ino....
303 965 411 1012 plebs
438 964 549 1001 illum
577 965 822 1012 impostorem
850 970 956 1001 vocat
987 961 1056 1001 ἕνα
1087 959 1336 1017 ([ἰλόσοφον,
1375 961 1446 1003 ἕνα

65 1027 322 1086 φιλόπατριν.
381 1030 564 1069 Metellus
603 1038 662 1070 est
694 1029 840 1069 Consul
885 1026 1135 1085 Ψιλόπατρις
1173 1032 1351 1072 Ciceroni
1398 1033 1448 1072 ad

63 1098 152 1141 Att.
181 1099 233 1148 ΙΙ,
267 1105 305 1138 1.
365 1098 494 1138 GESN.

154 1166 561 1213 OEIAOIIATPIE]
605 1164 670 1204 Ab
709 1165 1002 1215 Inquisitoribus
1041 1172 1079 1205 et
1120 1165 1181 1205 hic
1219 1168 1374 1207 libellus
1409 1169 1450 1207 in

65 1237 278 1284 exemplari
317 1234 490 1281 Aldisno,
531 1248 606 1283 quo
648 1241 761 1283 utor,
809 1236 994 1273 rescissus
1041 1242 1111 1273 est.
1164 1233 1318 1275 Sonus.
1380 1235 1449 1283 (In

67 1318 153 1342 meo
184 1304 418 1353 exemplari,
458 1317 532 1351 quo
564 1300 806 1351 lVesselingz·
845 1303 1027 1340 beneficio
1067 1310 1172 1351 utor,
1213 1304 1340 1353 adest3
1380 1303 1450 1343 sed

67 1371 165 1410 nihil
201 1372 391 1409 varietatis
433 1372 473 1407 in
512 1372 681 1419 margine
710 1377 890 1408 notatum.
934 1369 1102 1419 Ram-z.)
1160 1371 1274 1409 Hunc
1314 1371 1451 1410 Dialo-

68 1454 159 1490 gmn
187 1438 349 1477 Luciani
378 1453 454 1476 non
483 1451 567 1477 esse
596 1437 690 1475 mihi
720 1440 971 1476 certissimum
999 1446 1082 1488 est,
1114 1453 1163 1477 ex
1192 1440 1295 1489 stylo
1324 1447 1363 1479 et
1392 1441 1452 1477 in-

70 1509 182 1558 genio
217 1506 379 1544 hominis
417 1505 610 1544 Luciaueo
639 1507 798 1543 multum
839 1506 1033 1544 inferiore.
1090 1505 1292 1545 Adfectata
1327 1514 1454 1547 autem

69 1583 128 1615 est
158 1575 374 1613 Lucianeae
404 1575 604 1612 locutionis
634 1576 816 1622 imitatio,
848 1588 944 1622 quae
974 1575 1019 1611 ab
1048 1575 1131 1622 ipso
1160 1575 1348 1623 proficisci
1387 1590 1454 1615 ne-

70 1645 213 1693 quivit,
255 1644 343 1691 quia
371 1655 440 1679 sua
478 1644 561 1690 ipse
602 1656 678 1680 non
721 1643 930 1691 excerpsit,
973 1649 1164 1680 auctorem
1201 1658 1292 1682 vero
1332 1650 1454 1682 aetate

70 1711 318 1760 posteriorem
360 1723 471 1756 esse,
523 1711 614 1747 satis
654 1710 922 1748 demonstravit
963 1710 1157 1748 Gesnerus
1194 1713 1234 1748 iu
1269 1713 1454 1761 singulari

71 1777 237 1817 Dissert.
277 1791 390 1825 quam
426 1777 519 1814 calci
556 1777 670 1823 hujus
705 1779 797 1815 tomi
838 1778 1113 1828 adjungemus3
1154 1780 1283 1828 ibique
1323 1781 1455 1818 statuit

72 1847 252 1894 scriptum
281 1844 631 1893 Constantinopoli,
670 1852 842 1894 tempore
874 1844 1036 1893 Juliani,
1074 1847 1119 1883 ab
1148 1846 1318 1885 Luciano
1361 1862 1455 1896 quo-

73 1914 159 1952 dam
189 1912 366 1961 Sophista
393 1911 635 1961 Imperatoris
673 1914 779 1951 illius
819 1915 965 1962 amico,
1009 1913 1057 1950 ad
1097 1927 1209 1961 quem
1250 1914 1456 1953 hodienum

74 1988 198 2020 exstat
246 1983 385 2028 scripta
411 1994 432 2018 a
472 1980 625 2018 Juliauo
676 1981 852 2028 epistola.
911 1979 969 2017 Ita
1018 1994 1109 2018 vero
1151 1981 1318 2020 studiose
1355 1981 1456 2021 hunc

74 2048 181 2088 Dial.
209 2049 446 2096 pertractavit
479 2048 692 2094 Gesnerus,
732 2055 778 2085 ut
803 2049 869 2085 vix
897 2047 1015 2098 mihi,
1043 2048 1142 2096 quod
1173 2049 1333 2099 addam,
1363 2050 1457 2088 reli-

76 2123 177 2154 ctum
219 2116 281 2153 sit.
343 2112 512 2152 Summis
554 2116 728 2154 laudibus
774 2114 842 2152 has
894 2118 976 2163 ejus
1023 2116 1299 2155 lucubrationes
1347 2117 1457 2155 effert

75 2182 278 2221 Heuman.
321 2183 360 2220 in
399 2182 539 2221 Poecil.
582 2198 624 2232 p.
657 2186 754 2221 248.
797 2197 902 2231 seqq.
963 2180 1041 2221 Sed
1080 2199 1118 2232 p.
1163 2188 1259 2222 250.
1287 2186 1457 2224 'miratur

76 2251 250 2301 ejusdem
278 2251 542 2299 timiditatem,
577 2251 677 2299 quod
711 2251 807 2288 nihil
834 2253 873 2288 in
903 2249 1084 2289 Codicum
1112 2252 1236 2300 inopia
1267 2254 1456 2302 corrig-ere

52 2317 192 2357 ⁴ausus
221 2319 348 2356 suerit.
409 2318 506 2366 (Sed
549 2318 595 2356 de
626 2318 695 2356 hac
726 2321 899 2367 opinione
927 2320 1055 2357 forsan
1095 2321 1133 2357 in
1172 2321 1329 2368 praefat.
1369 2334 1458 2370 age-

80 2389 201 2434 mus.)
237 2385 308 2424 Bis
350 2389 432 2433 ejus
461 2387 693 2434 versionem,
734 2387 814 2435 bis,
854 2395 911 2425 ter
938 2386 1082 2425 Graeca
1122 2388 1316 2436 emendat,
1357 2388 1457 2437 quod

81 2469 149 2493 suo
186 2455 268 2491 loco
311 2454 432 2491 obiter
470 2454 691 2491 indicamus.
765 2453 896 2492 {Eum
953 2454 1148 2493 ,Iuniorem
1188 2454 1287 2493 hunc
1329 2454 1460 2493 Philo-

81 2523 205 2571 patrin
235 2535 318 2559 esse
348 2519 517 2558 Luciano
546 2529 676 2559 nostro
708 2519 988 2571 Samosatensi,
1019 2537 1104 2560 cum
1130 2523 1203 2560 alia
1228 2523 1343 2560 muita
1367 2538 1458 2571 pro-

82 2591 194 2639 bant,
238 2603 333 2639 quae
367 2589 557 2626 Gesnerus
596 2602 730 2638 magna
769 2603 852 2627 cum
891 2591 1087 2640 diligentia
1126 2597 1164 2628 et
1198 2590 1365 2628 doctrina
1392 2605 1460 2629 ex-

83 2659 229 2707 posuit,
270 2665 350 2695 uun
388 2655 460 2695 hoc
497 2658 735 2706 potissimum
772 2660 916 2709 arguit,
955 2659 1056 2708 quod
1095 2672 1175 2707 cap.
1218 2663 1282 2698 12.
1323 2658 1459 2709 dogma
