1768 3125
330 178 412 213 ιΝ
482 178 1144 210 cnonosonoNEm.
1370 169 1462 210 329

91 297 192 337 Ath.
223 302 318 338 425.
350 298 504 338 SoLAN.
562 299 665 351 Quid
695 302 744 338 sit
772 303 988 350 στοιχεῖον,
1033 299 1206 338 Pollucis
1239 300 1364 337 verbis
1406 301 1463 336 ‹15-

90 381 216 405 camus
245 366 320 417 VI,
352 371 421 405 44.
485 368 547 420 Τῇ
577 368 669 422 σκιᾷ
710 365 753 405 d'
800 367 1076 418 ἐτεκμαίροντο
1107 364 1247 419 καιρὸν
1289 369 1361 417 τῆς
1402 367 1462 405 ἐπὶ

90 430 135 473 τὸ
177 433 334 472 δεῖπνον
373 430 482 483 ὁδοῦ,
522 432 570 486 ἣν
619 434 684 473 καὶ
735 441 928 485 στοιχεῖον
968 431 1150 474 ἐκάλουν.
1209 435 1340 484 ltaque
1387 450 1462 472 non

89 516 266 551 gnomon,
296 504 364 541 sed
393 505 475 552 ipsa
500 505 725 552 gnomonis,
764 504 946 551 quidquid
975 506 1038 552 sit,
1069 504 1171 552 quod
1198 506 1277 542 vice
1307 518 1463 553 gnomo-

89 571 147 607 nis
187 571 380 620 fungitur,
421 573 567 620 umbra,
608 576 800 621 στοιχεῖον
840 579 911 608 est.
972 572 1081 623 Quae
1120 572 1165 609 ad
1202 571 1300 609 hunc
1338 573 1462 620 ipsum

88 638 214 676 locum
240 637 448 687 Kuhm'us‚·
490 654 584 687 quae
624 640 671 677 ad
699 637 848 676 Athe-n.
878 637 954 687 VI,
998 644 1065 677 10.
1099 639 1372 689 Casaubo-nus,
1414 654 1463 677 ex

89 704 223 743 Schol.
253 706 300 744 ad
329 706 539 755 Aristoph.
569 704 749 757 ’Ῐὶκκλησ.
782 709 878 744 647.
916 714 953 743 et
980 709 1206 744 comicorum
1247 722 1307 756 ap.
1336 706 1463 745 xldie-

86 788 226 812 ‘naeum
265 775 507 824 fragmentis3
557 787 652 823 quae
699 774 869 811 Salmas.
912 772 1052 812 Exere.
1093 774 1193 812 Plin.
1236 788 1323 824 pag‘.
1364 779 1461 813 446.

87 855 195 889 seqq.
228 841 276 880 de
306 843 521 879 umbrarum
549 842 615 879 illa
645 841 880 879 dimensione
909 841 1123 891 disputant,
1167 843 1201 879 si
1240 843 1334 879 bene
1376 858 1462 891 pcr-

85 909 276 958 penderis,
307 909 353 947 ad
382 909 475 947 haec
503 909 577 947 duo
608 910 716 958 quasi
760 910 879 957 capita
919 910 1053 948 referri
1093 917 1269 958 possunt:
1314 913 1354 957 1)
1397 925 1462 948 an-

86 978 307 1024 tiquissimis
336 978 566 1026 temporibus
596 991 687 1015 suae
714 980 896 1026 cujusque
924 978 1079 1015 umbrae
1119 977 1304 1016 dimensio
1342 979 1462 1017 fuisse

84 1045 145 1081 illi
173 1044 323 1082 videtur
349 1059 418 1093 pro
449 1047 628 1093 temporis
658 1046 815 1083 indicio:
856 1060 928 1094 qua
955 1047 994 1082 in
1022 1059 1078 1093 re,
1108 1059 1155 1083 ne
1185 1046 1232 1083 <le
1272 1047 1463 1084 climatum

84 1111 297 1150 diversitate
328 1112 519 1161 dicamus,
565 1114 612 1150 ad
641 1114 728 1150 anni
757 1115 871 1151 etiam
898 1120 1158 1162 tempestatem
1186 1114 1461 1162 respiciendum

84 1180 217 1228 fuisse,
247 1182 331 1229 quis
361 1195 437 1218 non
466 1181 598 1220 videt?
638 1195 723 1218 cum
751 1181 930 1219 hibernae
956 1182 1111 1219 umbrae
1148 1181 1376 1219 meridianae
1414 1182 1461 1219 ad

85 1249 246 1286 aestivas
276 1262 344 1296 per
371 1247 524 1285 Italiam
553 1247 824 1297 Graeciamque
854 1250 893 1286 111
919 1264 1104 1298 gnomone
1134 1248 1295 1286 Palladii
1322 1263 1363 1287 se
1395 1249 1462 1287 ha—

84 1316 196 1353 beant
226 1322 267 1352 ut
295 1329 345 1352 lx
373 1316 419 1353 ad
449 1329 508 1364 1¹3
550 1317 696 1353 initium
725 1324 848 1353 autem
879 1323 916 1354 et
946 1317 1031 1355 linis
1060 1317 1135 1354 diei
1164 1319 1204 1354 in
1230 1317 1367 1354 iisdem
1396 1332 1462 1355 re-

83 1383 258 1433 gionibus
289 1383 496 1431 eodemque
526 1397 725 1433 gnomone,
752 1383 924 1433 hiberni,
961 1385 1131 1421 umbram
1159 1384 1294 1422 habeat
1322 1385 1462 1433 pedum

84 1464 214 1500 xxlx,
257 1452 391 1489 aestivi
426 1451 538 1488 modo
576 1465 685 1489 xxn.
744 1450 897 1501 Vagam
936 1451 1139 1489 admodum
1175 1451 1270 1490 hanc
1309 1467 1461 1502 compu-

83 1519 186 1556 tandi
214 1520 395 1556 rationem
424 1519 569 1569 fuisse,
599 1518 800 1567 llaec<i1isa
831 1533 919 1567 res,
952 1526 989 1556 et
1018 1527 1208 1568 staturae,
1240 1522 1266 1558 i.
1297 1535 1332 1559 e.
1363 1536 1460 1570 gno-

82 1587 230 1633 monis,
270 1600 313 1624 ac
342 1586 481 1634 pedum
524 1589 706 1635 cujusque
745 1587 772 1623 i.
802 1600 836 1624 e.
868 1601 1066 1624 mensurae
1104 1587 1328 1636 diversitas,
1370 1591 1460 1627 satis

83 1654 266 1692 ostendit:
306 1655 371 1691 ubi
401 1661 524 1691 tamen
553 1655 649 1692 illud
677 1668 752 1691 11011
780 1654 1074 1703 neglig-endum,
1111 1655 1299 1704 longioris
1337 1655 1460 1693 homi-

82 1724 140 1759 nis
166 1723 356 1771 longiores
386 1722 608 1770 plerumque
638 1736 722 1760 esse
752 1722 868 1770 pedes
898 1729 970 1760 etc.
1033 1725 1075 1769 2)
1117 1720 1283 1760 Inventis
1312 1725 1460 1761 solariis

81 1791 211 1839 paullo
242 1790 536 1838 operosioribus,
566 1789 613 1827 de
642 1804 802 1838 quorum
831 1797 950 1828 aetate
981 1791 1154 1837 inprimis
1185 1792 1360 1838 copiosus
1401 1800 1460 1830 est

82 1858 314 1904 Salmasius,
346 1858 460 1895 etiam
489 1857 557 1894 illa
585 1858 722 1906 pedum
752 1859 847 1895 ratio
887 1858 956 1895 suit
999 1857 1233 1906 expeditior,
1273 1866 1310 1896 et
1347 1860 1458 1897 lineis

81 1925 306 1973 quibusdam
335 1931 445 1973 atque
474 1927 592 1974 signis
633 1926 672 1962 in
700 1928 781 1974 ipsa
817 1925 1088 1963 machinatione
1129 1925 1350 1964 sciotherica
1393 1927 1458 1965 de-

81 1994 240 2041 sig-nata.
299 1991 438 2043 Qualis
468 1994 506 2030 in
534 2006 606 2030 usu
648 1993 762 2031 fuerit
791 1993 953 2030 Palladii
996 1998 1146 2038 aetate,
1188 1994 1257 2029 sub
1297 1995 1458 2043 singulis

81 2061 274 2098 mensibus
315 2062 440 2108 operis
478 2061 537 2097 sui
581 2062 664 2108 ipse
712 2060 924 2108 adnotavit,
979 2073 1021 2096 ac
1071 2058 1211 2097 diserte
1257 2062 1455 2099 admodum

81 2128 286 2175 explicavit
312 2126 450 2164 Aldus
479 2129 518 2164 111
546 2128 778 2175 praefatione
807 2127 854 2164 ad
883 2129 1085 2174 scriptores
1115 2125 1163 2164 R.
1194 2126 1243 2165 R.
1283 2144 1379 2177 quae
1419 2132 1456 2167 in

81 2203 209 2233 nostra
237 2195 401 2232 editione
429 2195 555 2232 locum
585 2201 756 2232 octavum
786 2202 954 2243 occupat.
1013 2193 1120 2232 Haec
1159 2197 1223 2243 qui
1262 2199 1455 2246 cogitabit,

81 2277 156 2301 nou
192 2263 412 2312 mirabitur,
457 2269 606 2310 tempus
646 2275 782 2300 coenae
810 2264 850 2299 in
877 2263 971 2299 locis
998 2264 1246 2313 comicorum,
1271 2266 1405 2313 quibus
1435 2280 1454 2302 a

80 2331 239 2381 pedibus
283 2331 437 2368 umbrae
465 2331 571 2368 illam
609 2329 829 2380 designant,
870 2330 1051 2368 fluctuare
1072 2332 1169 2368 iutra
1198 2331 1316 2379 pedes
1345 2345 1389 2369 1-1
1420 2339 1457 2370 et

80 2413 154 2437 xx.
214 2398 329 2451 Quod
363 2399 397 2436 si
431 2397 534 2436 horis
572 2398 842 2446 responderent
880 2398 1022 2448 pedes,
1061 2406 1306 2448 sequeretur,
1356 2399 1457 2447 quod

82 2466 220 2515 oppido
266 2466 471 2505 absurdum
510 2472 588 2515 est,
630 2466 725 2503 alios
774 2466 1056 2514 quatuordecim
1107 2465 1211 2504 horis
1260 2469 1457 2516 maturius,

80 2534 144 2572 vel
181 2535 302 2573 serius
344 2535 430 2573 aliis
459 2547 651 2571 coenasse.
711 2531 791 2572 Sed
827 2541 1091 2583 tempestatum
1138 2536 1221 2572 anni
1233 2563 1247 2582 ,
1289 2536 1459 2582 ipsorum

80 2603 303 2650 praesertim
330 2616 574 2653 gnomonum,
603 2601 816 2650 diversitas,
845 2602 986 2650 pedmn
1014 2601 1217 2640 discrimen
1244 2601 1308 2639 vel
1335 2603 1458 2651 majus

80 2669 256 2708 admittit.
314 2668 424 2712 Add.
454 2684 569 2721 supra
597 2669 707 2709 Gall.
736 2683 819 2719 cap.
849 2674 892 2710 9.
949 2667 1082 2709 stn.
