1740 3095
307 160 403 208 594
654 162 1418 211 ADNOTA‘rioNEs

308 300 389 338 sine
419 311 546 337 caussa
563 326 574 347 ‚
609 296 708 345 quod
737 287 956 345 praemium
978 293 1168 344 Sophistis
1199 294 1279 333 dari
1308 295 1461 334 solitum
1491 293 1676 348 εἲρηναρ-

303 365 397 417 χιά,
427 373 468 403 ut
498 379 545 403 ex
571 362 756 402 Aristidis
785 365 860 401 vita
890 369 1045 400 constat.
1104 361 1198 402 Vid.
1229 363 1411 401 Massam
1433 363 1480 401 ad
1500 362 1554 401 A.
1579 367 1674 402 169.

307 449 346 473 n.
387 438 450 473 13,
508 431 558 468 Et
597 431 801 480 generatim
843 429 934 468 Jac.
981 428 1244 482 Gothosi·ed1aes
1282 431 1329 468 ad
1358 429 1401 468 G.
1442 430 1587 469 Theod.
1630 430 1678 470 de

307 499 533 539 Irenarchis.
592 497 772 535 Putabam
802 511 910 546 ergo,
941 499 1158 546 promittere
1187 498 1258 534 sibi
1287 495 1497 546 Sophistas,
1527 499 1590 546 qui
1616 496 1679 535 hic

305 569 553 614 ii‘iducnutur,
586 564 819 603 Christianos
849 578 869 601 a
899 578 1113 604 successore
1141 564 1282 602 Juliani
1310 563 1554 603 Irenarchias.
1600 562 1679 603 Sed

307 642 393 684 post
436 647 552 671 annos
593 646 685 670 xxv
723 632 893 669 redeunti
932 632 978 669 ad
1016 633 1136 680 prima
1177 639 1304 670 nostra
1346 633 1519 681 cogitata,
1557 633 1678 669 vismn

308 709 389 751 est,
419 701 514 738 nihil
544 700 663 738 adhuc
690 700 768 737 illis
798 700 984 748 prolatum
1024 713 1108 737 esse
1145 700 1210 737 vel
1250 713 1271 736 a
1310 713 1370 736 me
1408 700 1470 736 vel
1509 700 1554 736 ab
1593 700 1679 738 aliis

307 770 456 808 melius.
516 767 600 806 Non
629 767 711 804 fieri
742 765 811 804 hoc
837 766 954 804 solius
985 766 1198 818 φιλαυτίας
1231 768 1348 813 vitio,
1392 766 1479 804 inde
1507 767 1680 816 conjicio,

310 839 397 886 quia
427 837 611 874 recentior
638 835 780 872 cerebri
812 835 930 871 nostri
971 824 1093 872 foetus
1123 841 1209 872 sunt
1249 828 1494 885 εἴρηνάρχαι.
1553 832 1681 882 Repo-

308 911 444 942 nantur
484 905 608 950 itaque
649 899 856 953 φροντίδες
896 901 1077 953 πρῶῖαι,
1120 904 1196 949 jam
1233 899 1384 951 τρίται,
1437 908 1549 949 atque
1587 901 1682 939 adeo
1736 925 1739 927 >

311 968 504 1022 δευτέρων
534 970 630 1006 forte
661 963 902 1021 σοφώτεραι.
963 966 1218 1017 Compositum
1249 982 1384 1016 nempe
1422 970 1581 1007 arbitror
1613 983 1682 1007 no-

308 1052 396 1076 men
425 1052 474 1074 ex
502 1031 585 1087 εῗρα
613 1043 650 1073 et
677 1031 905 1086 μάγγαιόν,
945 1036 1007 1072 vel
1035 1031 1306 1085 μαγγανεύειν.
1365 1034 1429 1072 Ac
1459 1037 1679 1090 posterioris

310 1105 461 1154 quidem
503 1103 602 1140 haud
640 1104 795 1140 obscura
834 1108 891 1138 est
933 1102 1179 1150 significati03
1235 1101 1281 1139 de
1332 1104 1544 1151 praestig-iis
1584 1105 1682 1141 enini

310 1172 517 1219 faciendis,
570 1171 728 1217 aliisque
780 1168 875 1206 dolis
919 1175 981 1205 aut
1021 1168 1326 1206 machinamentis
1366 1168 1533 1207 adhiberi
1572 1170 1681 1208 solet.

311 1234 414 1291 Εἶρα
441 1239 505 1276 vel
531 1234 597 1288 ispa
629 1244 755 1274 autem
785 1237 1000 1273 concionem
1030 1236 1237 1286 significat,
1264 1236 1413 1292 locum,
1442 1238 1507 1274 ubi
1537 1238 1683 1275 concio-

310 1320 377 1344 nes
406 1306 522 1354 fiunt,
553 1305 679 1342 sorum
707 1310 779 1341 etc.
808 1303 907 1351 apud
934 1302 1099 1340 Homer.
1131 1317 1165 1340 e.
1195 1317 1232 1352 g.
1263 1302 1310 1340 Il.
1341 1303 1399 1353 Σ,
1430 1307 1526 1343 531.
1558 1300 1683 1357 ἷράων

311 1369 566 1424 προπάροιθε
604 1386 640 1411 κ.
671 1385 707 1409 τ.
740 1371 775 1408 λ.
818 1377 856 1408 et
881 1369 1049 1408 Hesi-od.
1092 1368 1240 1419 Theog.
1273 1373 1369 1408 804.
1427 1370 1540 1409 Esset
1568 1373 1684 1421 igitur

313 1436 555 1492 {ipsaptctsyng
604 1440 823 1477 concionem
878 1439 1105 1487 integrarum
1158 1437 1355 1486 deceptor,
1406 1440 1681 1488 praestigiator.

313 1506 391 1546 Sed
419 1509 539 1555 inagis
568 1507 647 1544 fere
688 1505 781 1542 mihi
810 1505 971 1556 arridet,
1006 1505 1106 1554 quod
1142 1504 1323 1542 Eustath.
1370 1505 1417 1543 ad
1445 1505 1610 1544 Homer.
1652 1506 1683 1545 l.

314 1589 349 1614 c.
378 1589 464 1623 pag.
499 1579 622 1622 1218,
654 1576 718 1611 15.
751 1572 850 1610 Bas.
893 1586 967 1610 uon
1009 1570 1216 1622 ἐκκλησίαν
1259 1580 1428 1621 tantum,
1471 1573 1537 1611 sed
1577 1585 1684 1623 μαν-

311 1641 419 1680 τείαν
449 1643 562 1679 etiam
591 1637 635 1678 τὸ
666 1635 751 1689 εἶρα
777 1654 825 1678 ex
854 1639 1085 1689 quorundam
1112 1646 1235 1677 mente
1277 1642 1327 1678 ait
1365 1641 1602 1690 significare,
1642 1647 1686 1680 ut

313 1710 408 1747 adeo
438 1702 679 1758 εἶραμάγγης
715 1707 871 1755 dicatur,
903 1709 966 1754 qui
994 1708 1166 1743 vaticinia
1190 1715 1330 1757 crepat,
1359 1709 1480 1756 iisqne
1519 1715 1599 1745 tum
1627 1722 1684 1758 se,

312 1784 393 1814 tum
446 1776 543 1812 aiios
582 1774 741 1821 decipit,
797 1774 897 1822 quod
935 1773 1085 1821 quidem
1128 1776 1288 1812 auctoris
1328 1777 1482 1812 consilio
1517 1777 1685 1824 apprime

314 1843 507 1890 convenit,
546 1842 611 1888 qui
652 1841 899 1878 divinationes
938 1847 975 1878 et
1004 1841 1103 1877 mala
1144 1842 1266 1878 omina
1302 1841 1601 1880 Christianorum
1638 1843 1685 1880 de

314 1910 507 1957 repubiica
536 1907 660 1945 dedita
686 1909 788 1945 velut
817 1920 928 1955 opera
958 1907 1156 1944 deridenda
1193 1909 1264 1945 sibi
1308 1911 1496 1947 sumserit.
1557 1909 1685 1948 GESN.

315 1976 409 2014 Vid.
443 1976 576 2013 Senec.
609 1974 683 2023 Ep.
715 1979 783 2013 95.
814 1989 851 2023 p.
879 1978 973 2013 474.
1032 1973 1081 2011 Et
1114 1974 1230 2022 Greg.
1255 1975 1406 2014 Turon.
1436 1976 1526 2016 hist.
1548 1976 1684 2016 Franc-

314 2042 367 2083 L.
398 2041 453 2081 V.
482 2046 510 2089 ξ).
544 2047 609 2080 29.
668 2042 776 2091 Lege
806 2040 869 2079 καὶ
897 2039 991 2087 τοὺς
1013 2037 1298 2092 χειρωνάκτας.
1357 2057 1411 2081 LA
1441 2044 1591 2083 Cnozn.

401 2109 488 2148 aad,
518 2111 546 2147 I.
580 2113 617 2147 5.
651 2107 736 2160 Mo>
769 2105 1018 2155 ἐξετάζων
1047 2110 1136 2159 τῆς
1165 2107 1379 2160 τέχνης]
1411 2109 1587 2161 Intelligo
1616 2125 1685 2160 per

317 2178 467 2226 essipsin
497 2178 782 2226 praepositionis
822 2172 899 2214 ἀπὸ
939 2176 1002 2214 vel
1043 2174 1097 2213 ἐκ.
1156 2175 1272 2214 Plene
1306 2176 1441 2228 Philo,
1480 2179 1541 2216 vel
1582 2180 1685 2227 quis·-

318 2248 403 2294 quis
433 2252 559 2283 auctor
589 2252 646 2282 est
671 2245 757 2281 libri
784 2244 830 2281 de
854 2243 992 2280 mundo
1022 2244 1060 2280 in
1087 2243 1187 2293 fine,
1218 2259 1255 2292 p.
1289 2249 1411 2284 1172.
1439 2244 1494 2283 Α.
1525 2245 1686 2284 Παντε-

319 2310 391 2364 λὴς
421 2308 586 2363 εὖήθεια
622 2307 666 2349 τὸ
696 2308 807 2361 γένος
836 2311 915 2348 τῶν
943 2304 1171 2360 ἀνθρώπων
1202 2307 1279 2349 ἀπὸ
1310 2313 1389 2350 τῶν
1418 2313 1563 2362 τεχνῶν
1601 2311 1685 2358 ἒξε-

318 2376 509 2427 τάζεσθαι
521 2411 532 2428 ,
562 2381 764 2417 aestimare
793 2379 1058 2428 antiquitatem
1083 2381 1238 2426 generis
1265 2377 1424 2417 humani
1447 2395 1502 2418 esc
1523 2378 1684 2418 artibus.

319 2446 387 2484 Ad
415 2448 537 2485 locum
565 2453 734 2483 nostrum
762 2444 832 2482 hoc
860 2447 1044 2493 pertinet:
1077 2445 1124 2482 ad
1153 2453 1289 2495 artem,
1324 2461 1434 2495 quam
1461 2448 1544 2494 quis
1574 2459 1685 2484 exer-

321 2521 443 2561 ceret,
486 2514 731 2561 respiciebant
757 2514 795 2549 in
825 2526 939 2550 censu
977 2513 1232 2551 constituendo
1269 2511 1305 2551 οἳ
1346 2512 1539 2559 ἐξισωταί.
1599 2513 1685 2550 Να-

321 2584 529 2619 ziaaezzenus
558 2580 727 2629 Epistola
757 2583 851 2618 197.
883 2579 931 2616 a'd
960 2576 1054 2625 τοὺς
1084 2578 1428 2630 πολιτευομένους,
1473 2593 1565 2628 qnos
1601 2593 1685 2618 eos-

323 2647 406 2685 dem
445 2662 528 2685 esse
567 2661 610 2685 ac
639 2646 954 2695 Peraequatores,
991 2654 1097 2685 antea
1137 2648 1275 2685 dictum
1308 2654 1393 2694 est,
1434 2647 1559 2696 lepide
1595 2647 1684 2685 illos
1734 2680 1736 2682 .
