1768 3125
202 196 271 226 IN
306 193 687 227 CONVIVIUM
729 193 845 226 SEU
885 193 1228 226 LAPlTHAS.
1325 183 1418 227 369

41 318 80 355 ἰιι
110 315 293 355 Graecis?
333 314 481 364 quando
510 314 642 353 eadem
670 321 728 353 est
756 315 866 354 ratio.
911 313 1066 354 Rmrz.
1123 313 1330 356 peculiaris
1358 328 1418 358 est

43 384 189 422 dicendi
225 383 385 421 formula
424 381 464 421 ἐν
503 378 710 433 γειτόνων,
751 396 772 420 a
811 397 885 431 qua
922 397 996 421 nou
1032 384 1181 434 minus,
1221 399 1332 435 quam
1369 391 1416 427 ab

42 452 211 500 ejusdem
239 452 387 500 generis
415 451 527 499 aliis,
558 458 599 488 ut
629 449 669 489 ἐν
689 446 848 497 Ἅιδου,
892 457 962 489 etc.
992 452 1114 490 aliena
1144 459 1203 491 est
1232 458 1416 508 quaestio,

41 527 167 557 utrum
195 532 264 566 per
290 532 332 556 se
361 520 587 567 praepositio
617 516 658 556 ἐν
687 532 771 556 cum
792 519 956 567 genitivo
975 521 1080 569 jungi
1101 523 1235 571 possit,
1264 537 1334 562 uec
1352 539 1414 563 ne.

42 585 158 638 Quod
195 593 318 624 autem
356 585 396 624 h.
434 586 462 624 l.
492 585 660 624 Belinus
688 600 710 624 e
737 584 875 624 Codice
904 600 973 624 suo
1003 588 1281 627 rescribendum
1309 599 1417 640 puta-

41 655 95 693 vit
124 652 166 692 ἐκ
193 649 391 705 γειτόνων,
422 655 562 691 erravit
588 668 671 691 cum
700 652 850 691 Codicis
879 655 940 691 sui
968 656 1163 702 scriptore.
1222 656 1415 709 Quemad-

40 721 193 760 modum
223 723 323 759 enim
342 720 413 760 Bis
431 720 573 759 Aecus.
604 735 637 758 c.
662 725 701 758 9.
733 726 771 758 et
799 721 985 758 similibus
1006 721 1100 760 locis
1127 724 1222 762 bene
1243 739 1285 764 se
1305 726 1418 767 habet

42 788 83 828 ἐκ
121 784 332 840 γειτόνων,
373 803 394 827 e
429 791 594 837 vicinia,
634 789 687 825 ita
726 785 766 825 h.
805 787 834 826 l.
874 795 912 826 et
939 789 1068 827 multis
1096 791 1182 828 aliis
1211 796 1418 841 requiritur

41 855 81 895 ἐν
120 851 329 908 γειτόνων,
372 863 459 904 aut,
500 857 534 894 si
574 856 707 905 malis,
747 850 1000 906 ἕγγειτόνων,
1040 857 1069 895 i.
1108 871 1143 896 e.
1182 861 1224 898 in
1258 864 1417 903 vicinia.

39 924 188 963 Lth.

124 990 210 1030 ead.
240 990 268 1029 l.
302 995 368 1029 10.
403 985 451 1028 Ἅ
489 986 646 1043 παρ’]
681 988 746 1029 Sic
775 1004 906 1030 omnes
935 992 1110 1040 impressi
1140 1000 1179 1032 et
1207 992 1302 1034 Cod.
1334 996 1416 1037 Ox.

40 1058 247 1108 Suspectus
276 1058 369 1096 mihi
399 1066 436 1097 et
463 1057 525 1096 hic
552 1059 658 1096 locus
686 1065 755 1097 est.
797 1057 957 1098 SoLAN.
1013 1059 1068 1109 Si,
1101 1062 1201 1109 quod
1230 1066 1416 1116 suspicor,

40 1127 202 1165 ostendit
230 1126 400 1164 Solamcs
441 1127 479 1163 iu
514 1127 722 1164 accusativo
763 1121 790 1164 ἃ
829 1141 914 1165 clun
942 1129 1058 1167 verbo
1087 1125 1302 1170 ἀπολαύειν
1331 1135 1416 1181 jun-

40 1201 124 1244 cto,
166 1208 262 1243 quae
299 1200 486 1232 structura
523 1196 729 1231 sententiae
767 1195 842 1232 loci
876 1209 951 1233 non
988 1196 1190 1235 admodmn
1219 1202 1417 1239 convenire

39 1262 205 1300 videtur:
243 1259 346 1298 haud
375 1261 634 1308 improbabilis
663 1261 814 1309 quidem
844 1269 902 1300 est
929 1261 1170 1302 Sclzmz'ederz‘
1196 1268 1312 1315 ratio,
1343 1282 1416 1316 qua

40 1344 109 1379 pro
150 1324 431 1378 πλακούντων,
473 1323 498 1366 ἃ
534 1328 683 1378 legatur
722 1329 996 1380 πλακοῦντος,
1036 1331 1122 1379 (hoc
1159 1346 1181 1371 e
1208 1331 1307 1380 Ms.)
1344 1326 1415 1384 ὧν,

39 1412 108 1436 nec
149 1404 274 1435 tamen
311 1398 363 1433 ita
404 1402 502 1434 certa
545 1403 602 1433 est
642 1397 737 1446 illa,
778 1403 819 1435 ut
856 1411 930 1435 non
964 1405 1003 1436 et
1043 1399 1132 1438 alibi
1170 1401 1300 1440 sedem
1334 1405 1416 1442 vitii

40 1478 223 1515 quaerere
257 1465 406 1512 possis,
443 1471 485 1501 ut
523 1465 561 1500 iu
597 1464 712 1502 verbo
749 1466 833 1513 ipso
863 1462 1079 1517 ἀπολαύω,
1122 1468 1224 1516 quod
1252 1484 1366 1519 saepe
1394 1485 1416 1509 a

39 1534 202 1571 librariis
231 1545 316 1569 cum
347 1528 562 1581 ἀπολαβεῖν
591 1532 787 1569 confusum
816 1545 914 1581 esse,
944 1547 1018 1571 non
1046 1536 1165 1573 semel
1189 1540 1414 1587 notavimus,

40 1608 83 1639 ut
120 1600 169 1638 ad
197 1598 333 1648 Navig.
374 1613 407 1637 c.
439 1602 507 1636 44.
537 1597 648 1637 Tom.
679 1598 794 1637 VIII.
824 1614 864 1648 p.
897 1605 991 1640 187.
1033 1602 1080 1638 ad
1109 1601 1228 1642 Diall.
1257 1603 1433 1646 Merett-

40 1666 141 1707 XV.
179 1668 245 1705 fin.
282 1667 374 1705 ibid.
415 1681 453 1715 p.
487 1671 583 1705 262.
625 1666 755 1718 Quare
782 1666 907 1705 locum
934 1668 1072 1716 reliqui
1102 1671 1302 1721 intacnun,
1342 1675 1416 1711 nisi

40 1735 140 1785 quod
172 1734 419 1780 πλακοῦντος
448 1735 581 1782 scripsi
606 1748 674 1782 pro
703 1735 807 1783 vulg.
838 1730 1120 1787 πλακούντων,
1160 1741 1266 1787 cujus
1295 1747 1418 1779 muta-

39 1804 153 1842 tionis
177 1802 312 1840 idonea
339 1803 431 1840 satis
460 1808 561 1840 esset
588 1803 697 1839 ratio.
754 1800 904 1841 LGm.

125 1870 227 1918 Pag.
252 1874 320 1908 61.
343 1869 372 1910 l.
395 1871 434 1908 5.
464 1866 608 1907 Εἴπω
636 1872 709 1915 τι]
741 1867 845 1908 Pone
870 1884 1012 1908 comma
1031 1877 1119 1919 post
1135 1885 1186 1911 τι.
1218 1872 1415 1916 Kus'rzn.

42 1935 179 1976 Scribo·
200 1933 297 1975 εἴπω
324 1951 386 1987 τι,
415 1951 497 1988 κερ.
542 1937 679 1988 Guyet.
737 1935 858 1975 Bene.
917 1937 967 1976 Et
994 1940 1050 1977 sic
1078 1940 1216 1979 malam
1241 1943 1416 1992 vulgatae

39 2006 376 2054 iuterpimctionem
402 2007 481 2053 jam
508 2018 759 2043 correxeram.
815 2004 970 2043 Rmtrz.

125 2071 223 2110 ibid.
283 2071 327 2109 K
335 2086 384 2123 ερ
400 2070 488 2110 ατί
495 2076 617 2117 ναν]
682 2071 846 2124 Quintil.
904 2070 939 2109 I.
997 2070 1216 2114 Uerminae.
1297 2074 1416 2116 Stoici

42 2141 81 2178 in
116 2138 177 2176 his
213 2139 321 2176 multi
361 2145 479 2176 erant.
509 2137 631 2187 Diog.
662 2137 802 2176 Lae-'ra
831 2152 919 2188 pag.
949 2143 1014 2178 60.
1043 2140 1100 2179 A.
1134 2145 1230 2181 174.
1259 2141 1308 2181 Ε.
1337 2158 1418 2182 me·

39 2208 150 2244 minit
188 2206 281 2243 Sen.
321 2204 376 2244 A.
418 2205 490 2254 Ep.
536 2205 687 2256 (Senec.
729 2220 791 2254 ep.
830 2207 918 2253 45.)
956 2216 992 2244 et
1029 2208 1091 2247 A.
1136 2209 1236 2248 Gall.
1274 2211 1418 2250 Noster·

0 2260 1 2267 ἵ
43 2276 153 2313 etiam
193 2287 307 2322 saepe
339 2275 469 2322 tangit.
508 2272 601 2311 Vid.
632 2273 754 2311 Diall.
783 2271 917 2311 Mortt.
947 2272 979 2311 Ι.
1010 2288 1094 2312 cum
1121 2279 1234 2315 notis.
1293 2276 1418 2329 Chry·

45 2343 175 2390 sippus
203 2342 243 2377 in
269 2353 334 2378 ore
361 2341 539 2389 frequens
567 2339 719 2389 habuit,
759 2342 941 2378 incertum
969 2355 1016 2378 an
1044 2350 1196 2393 auctor3
1239 2358 1325 2382 nam
1354 2347 1419 2384 alii

44 2410 139 2446 alios
168 2414 389 2456 memorant,
416 2407 533 2445 Thes.
566 2406 658 2444 Crit.
689 2406 741 2444 ΙΙ.
773 2407 834 2445 De
863 2407 1103 2456 sophismatis
1127 2409 1212 2448 Lil.
1247 2411 1416 2461 Gyrald.

46 2480 142 2515 392.
173 2474 302 2513 Brod.
332 2478 428 2515 471.
458 2482 495 2512 et
525 2475 649 2512 Gress.
679 2473 774 2512 AG.
805 2473 865 2525 X,
895 2479 965 2514 73.
996 2476 1140 2515 Noster
1166 2479 1281 2516 etiam
1307 2479 1418 2527 plura

43 2549 226 2581 memorat
253 2541 337 2581 Vit.
368 2539 484 2580 Auct.
515 2555 549 2580 c.
582 2546 645 2582 22.
672 2541 832 2582 Somn.
870 2541 1033 2582 Formae
1061 2544 1293 2596 κερατίναν,
1322 2559 1418 2593 quae

46 2625 190 2657 omnes,
209 2624 304 2659 quas
315 2610 502 2658 consului,
519 2606 621 2646 Edd.
633 2610 875 2659 insidet‚quid
885 2611 1034 2660 faciam,
1055 2613 1195 2660 nescio,
1210 2612 1418 2661 dubiusque

46 2685 146 2716 tanto
155 2679 275 2727 magis
285 2691 382 2725 sum,
398 2690 514 2725 quum
523 2683 666 2714 taceant
675 2679 793 2715 nostri
806 2675 1143 2717 commentatores.
1170 2677 1416 2728 Issegitimam

136 2741 291 2776 Lucian.
320 2740 403 2776 Vol.
427 2741 500 2775 IX.
1054 2733 1095 2771 A
1106 2747 1128 2772 8
