1768 3125
239 167 306 198 ιΝ
343 166 726 202 οοΝνινῑυΜ
765 166 880 199 seu
919 166 1263 200 LAl‘l'rnAs.
1345 157 1436 198 367

68 284 274 325 Benedicti
298 288 554 336 interpretatio
582 286 676 326 haec
704 294 782 326 est:
819 290 964 327 vicinos
992 286 1220 336 advocasse,
1251 303 1278 327 a
1303 289 1440 340 quibus

63 355 216 393 revulsa
239 356 345 407 sera
371 357 464 408 fnit
505 366 694 396 servatus.
753 355 859 408 Quid
889 355 1042 394 Graecis
1080 358 1130 394 sit
1168 353 1352 412 ἀιάσπᾷν
1395 356 1439 396 τὸ

66 421 236 474 θηρίον,
267 430 304 460 et
331 422 480 460 Latinis
507 424 692 476 refellere
709 425 880 477 feram,
910 438 978 462 nec
1008 438 1102 473 ego,
1145 439 1212 462 nec
1242 427 1440 473 quisquam

65 492 163 527 norit
184 490 391 539 dixeritve;
422 506 471 535 ne*
483 492 601 529 dicam
614 488 798 548 ἀνασπᾷν
811 506 993 539 nusquam
1006 492 1296 529 esserevellerc.
1328 491 1440 530 Notat

64 557 215 606 quidem
241 557 518 597 Bourdelotius
560 560 607 597 ad
643 549 741 597 hunc
777 559 923 597 locum:
977 558 1026 596 Ut
1068 559 1167 607 apud
1196 558 1439 608 Petronium,

63 634 247 676 tanquam
272 629 460 674 cupientis
487 630 602 665 eoefre
631 626 807 674 belluae,·
835 627 1003 673 loquitur
1029 627 1076 663 de
1106 630 1215 675 poeta
1236 626 1438 677 Eumolpo,

63 699 104 730 ut
133 692 194 730 hic
223 693 269 731 de
299 694 464 733 tibicine.
524 694 602 733 Sed
631 694 723 732 haec
751 700 837 732 sunt
866 689 1182 742 ἀπροςδιόνυσα,
1213 702 1250 732 et
1279 696 1325 733 ad
1355 695 1439 734 Lu-

61 762 215 798 ciamtm
252 761 515 799 illustrandum
551 760 647 798 nihil
685 761 794 809 plane
830 761 984 798 faciunt.
1056 758 1100 798 ln
1130 760 1207 799 Ms.
1249 763 1344 800 nihil
1382 771 1440 801 est

62 828 263 878 praesidii,
304 830 343 866 in
382 844 455 877 quo
492 830 632 878 legitur
661 842 809 877 quoque
837 826 1009 880 θηρίον,
1055 828 1122 865 sed
1152 843 1278 867 veram
1307 832 1438 868 lectio-

61 908 147 932 nem
182 898 346 934 servavit
374 897 482 934 nobis
512 897 625 934 editio
654 896 910 945 Florentina,
950 897 987 933 in
1017 910 1089 944 qua
1119 898 1313 935 verissime
1342 899 1439 947 leg-i-

61 968 124 1000 tur
171 959 489 1001 ἀνασπασάντων
534 960 578 1002 τὸ
617 962 789 1015 θυρίον,
838 964 1024 1012 revulsis,
1075 963 1236 1002 effi-actis
1278 966 1438 1014 foribus,

61 1043 154 1078 quas
193 1031 329 1068 tibicen
356 1032 423 1069 ille
454 1033 607 1069 insanus
636 1032 863 1080 occluserat,
906 1038 947 1069 ut
975 1032 1103 1080 paullo
1133 1040 1216 1070 ante
1247 1031 1438 1071 Lucianus

63 1098 243 1135 ostendit:
274 1094 343 1136 τὸν
374 1096 418 1136 δὲ
447 1096 598 1148 ταχέως
626 1095 855 1138 ἀναστάντα
883 1097 1100 1137 ἐπικλεῖσαί
1123 1114 1164 1138 τε
1191 1097 1262 1150 τὴν
1288 1096 1435 1153 θύραν,

62 1174 104 1203 at
131 1166 240 1202 illum
271 1169 400 1204 statim
428 1161 673 1216 surrexisse,
722 1177 758 1204 et
775 1168 897 1219 fores
925 1167 1120 1204 clausisse.
1178 1166 1263 1205 Hae
1291 1169 1439 1207 fuerant

63 1246 85 1270 a
122 1234 253 1270 vicinis
291 1233 570 1283 effringendae,
618 1241 660 1272 ut
693 1241 821 1282 posset
860 1234 1043 1272 Dionicus
1081 1247 1130 1273 ex
1169 1235 1273 1273 illius
1306 1237 1438 1275 furiosi

62 1301 233 1338 manibus
263 1308 301 1338 et
329 1301 483 1339 aedibus
513 1303 626 1339 elabi.
685 1302 853 1341 Gan-v.

146 1366 233 1406 ead.
267 1368 292 1406 .⁷.
327 1373 391 1408 15.
428 1365 881 1408 Ἀνασπασάντων
910 1366 967 1408 τὸ
998 1368 1220 1422 θηρίον]
1259 1369 1311 1408 Ut
1339 1372 1438 1420 apud

61 1434 284 1473 Petronium
323 1439 512 1484 cupientis
551 1440 666 1475 emine
709 1436 882 1485 belluae5
922 1438 1087 1485 loquitur
1124 1438 1170 1476 de
1212 1446 1322 1486 poeta
1358 1439 1438 1477 Eu-

61 1503 188 1551 molpo
201 1531 215 1550 ,
246 1510 286 1540 ut
315 1503 376 1541 hic
405 1505 451 1542 de
480 1506 643 1543 tibicine.
702 1504 870 1543 Bonan.
1430 1500 1432 1504 ⁵

145 1569 245 1607 ibid.
293 1567 357 1608 Τὸ
400 1567 614 1623 θύριον]
667 1571 890 1610 Lectionem
934 1571 1029 1609 hanc
1078 1570 1150 1609 Ed.
1194 1573 1263 1614 Fl.
1311 1582 1437 1615 tuetur

62 1638 175 1675 etiam
204 1635 303 1675 Mss.
336 1637 413 1676 Ox.
453 1646 490 1677 et
518 1638 567 1677 L.
608 1641 822 1677 auctoritas.
880 1637 925 1676 In
964 1640 1121 1686 reliquis
1151 1638 1248 1679 Edd.
1289 1643 1436 1694 θηρίον

61 1705 212 1753 legitur.
261 1701 476 1744 Ἀνασπάω
511 1707 601 1755 quid
630 1706 690 1744 hic
719 1713 845 1755 notet,
888 1708 1026 1755 optime
1061 1714 1098 1743 te
1127 1706 1272 1746 docebit
1301 1723 1333 1747 c.
1368 1714 1435 1750 57.

63 1769 206 1810 Toxar.
236 1771 395 1811 somn.
441 1771 607 1826 Θηριόν]
639 1773 747 1823 Lege
777 1773 936 1824 θυρίον.
968 1773 1035 1811 LA
1061 1772 1216 1813 Cnozss.
1258 1775 1435 1830 Optime3

61 1854 174 1889 quare
187 1868 198 1888 ‚
229 1841 425 1879 accedente
445 1844 558 1880 etiam
579 1843 761 1880 librorum
782 1844 1021 1891 auctoritate,
1045 1841 1086 1878 id
1103 1845 1241 1890 recepi.
1281 1844 1435 1887 Rem-z.

145 1907 246 1956 Pag.
282 1913 345 1947 59.
376 1909 404 1947 l.
433 1915 472 1948 4.
521 1906 626 1948 Οὐκ
667 1905 792 1948 ἄνευ
832 1911 960 1947 θεοῦ
991 1921 1139 1952 τινος
1171 1904 1293 1958 ἡμῖν
1321 1911 1435 1950 ἐπι-

62 1971 239 2027 παρών
270 1972 403 2013 ἀλλὰ
432 1975 516 2014 καὶ
547 1972 675 2015 πάνυ
695 1974 962 2029 χρήσιμος
984 1982 1094 2022 τοῖς
1114 1973 1243 2022 μετὰ
1265 1982 1435 2019 ταῦτα

61 2054 240 2093 γεγενη
253 2040 316 2091 μέ
326 2044 440 2092 νος]
462 2042 660 2092 interpres
689 2046 782 2094 leg-it
811 2042 1099 2095 γεγενημέίὀις,
1136 2056 1178 2085 ut
1208 2048 1272 2093 qui
1299 2055 1432 2098 vertat,

60 2111 134 2146 imo
169 2124 353 2157 prorsum
393 2112 481 2147 ‘usuc‘
496 2112 669 2161 ficturus
697 2111 754 2148 ad
779 2126 847 2158 ea,
890 2127 988 2162 qtme
1007 2125 1144 2161 postea
1169 2118 1432 2166 contigerunt3

61 2183 99 2214 et
134 2177 231 2214 sorte
272 2177 311 2214 id
350 2171 509 2227 γνήσιον
537 2177 697 2216 Luciani
734 2185 803 2216 est.
863 2177 1068 2218 Possumus
1097 2190 1219 2221 tamen
1247 2185 1434 2233 vulgatam

61 2245 282 2292 scripturam
319 2246 548 2294 retinentes,
597 2246 788 2284 commode
827 2260 1028 2294 exponere.
1097 2250 1190 2289 Non
1227 2253 1309 2288 sine
1344 2251 1432 2290 Deo

61 2311 191 2361 aliquo
224 2310 280 2349 ad
311 2326 381 2349 nos
409 2312 613 2363 accedeus,
650 2313 721 2352 sed
746 2324 781 2352 et
803 2329 968 2362 prorsus
995 2317 1101 2356 utilis
1117 2320 1264 2372 factus
1293 2318 1349 2357 acl
1375 2335 1432 2358 se-

60 2381 227 2430 quentia.
274 2377 461 2427 Loquitur
483 2380 530 2417 de
550 2380 711 2419 Dionico
731 2380 898 2430 Medico,
929 2397 1040 2431 quem
1057 2394 1264 2435 opportune
1285 2387 1373 2425 dicit
1391 2388 1432 2425 in

59 2445 100 2482 id
119 2447 330 2484 convivium
348 2448 510 2495 venisse,
541 2461 637 2497 cum,
668 2449 733 2486 ubi
755 2451 963 2488 convivium
981 2453 1081 2490 istud
1100 2455 1140 2491 in
1162 2456 1307 2492 tristem
1331 2454 1431 2494 desi-

59 2520 165 2551 neret
193 2515 335 2551 exitum
348 2515 571 2563 „multique
587 2516 891 2565 vulnerarentur,
922 2520 1020 2558 inter
1043 2535 1108 2559 eos
1128 2529 1252 2559 autem
1271 2536 1430 2571 sponsus

59 2582 303 2631 gravissime,
332 2582 551 2620 vulneribus
576 2583 783 2632 obligandis
814 2589 1058 2634 tempestivus
1090 2589 1252 2628 adesset.
1309 2589 1426 2630 JENS.

143 2646 230 2686 ead.
260 2648 288 2687 l.
318 2652 356 2688 6.
387 2648 514 2702 Γεγε
530 2663 630 2701 νημ
645 2647 823 2698 ένοις]
853 2652 929 2693 Fr.
959 2660 997 2693 et
1019 2653 1112 2695 cod.
1136 2655 1240 2696 Bar.
1270 2654 1315 2694 In
1337 2658 1426 2698 reli-
