1740 3095
308 177 454 220 424·-
595 190 1359 222 ADNOTATIONES

308 312 360 348 015
386 298 546 359 addidi‚'
576 323 672 358 quae
706 310 896 347 Gesnferus
932 310 1096 347 versioni
1124 311 1343 349 inseruerat.
1396 310 1539 349 Rm-z.
1601 309 1672 349 Se-

307 380 383 415 cuti
412 378 563 426 quidem
592 384 676 414 sunt
702 379 927 414 recentiores
956 376 1145 414 Editores.
1205 377 1282 415 Sed
1318 394 1429 427 quum
1469 379 1562 417 haec
1586 393 1672 416 uar-

305 447 400 482 ratio
429 447 499 493 sit,
519 444 589 481 'vel
619 446 743 491 potius
773 445 1016 493 declamatio,
1061 444 1161 493 quod
1202 446 1265 482 vel
1302 447 1520 494 interposita
1559 442 1669 498 ἔφην,

306 504 355 562 ἦν
387 509 428 548 ὁ)
462 509 548 562 ἐγὼ,
581 519 618 548 et
646 512 807 559 similia,
845 512 999 560 (locent,
1030 526 1098 549 nec
1126 525 1216 549 vero
1246 513 1416 562 dialogus
1445 521 1575 551 natura
1606 527 1672 550 sua

305 594 348 617 ac
376 580 515 616 forma:
552 579 599 616 ad
628 593 862 616 communem
894 586 1063 616 veterum
1092 578 1310 617 Editionum
1336 582 1516 617 rationem
1546 594 1672 617 rever-

305 646 457 684 tendum
486 648 628 694 putavi.
688 646 801 697 Quod
828 654 953 683 autem
982 647 1027 684 ad
1064 654 1252 684 auctorem
1291 646 1403 693 hujus
1444 648 1672 684 recitationis

304 716 456 761 attinet,
488 728 618 752 eorum
644 716 868 762 sententiae,
899 716 962 762 qui
990 713 1200 751 Lucianum
1230 727 1312 751 0550
1342 721 1490 763 neg-aut,
1518 716 1556 750 in
1580 729 1671 762 quo-

304 796 390 818 rum
417 795 572 819 numero
603 784 712 819 etiam
743 788 799 819 est
829 788 957 819 auctor
986 780 1128 819 Scholii
1159 782 1206 819 ad
1234 777 1405 829 titulum,
1445 795 1466 818 e
1490 783 1672 818 recentio-

303 849 407 887 ribus
437 857 672 887 accesserunt
700 849 865 886 Beh'nus
892 851 930 886 in
959 855 1036 886 not.
1069 849 1116 886 ad
1143 863 1243 887 vers.
1275 848 1384 886 Tom.
1414 847 1471 886 V.
1501 863 1539 896 p.
1578 852 1669 887 187.

304 923 342 953 et
373 915 651 966 lVannowski,
681 915 1016 965 Rastcuburgensis
1046 918 1331 965 grammaticus,
1370 918 1410 953 111
1447 923 1673 953 commenta-

303 985 405 1020 tione.
435 982 662 1021 scholastica
690 985 885 1031 inscripta:
926 983 988 1021 De
1026 985 1142 1020 initiis
1172 982 1355 1021 Theoriae
1386 997 1493 1021 casus
1523 985 1586 1032 qui
1616 984 1672 1020 di-

303 1052 399 1088 citur
426 1052 618 1088 absolutus
649 1050 847 1098 (absoluti)
877 1065 910 1088 a.
945 1055 1064 1089 1825.
1125 1049 1364 1099 Regiomonti
1403 1051 1515 1090 edita.
1573 1050 1671 1088 Con-

303 1124 362 1154 tra
406 1117 680 1167 WVielandius,
736 1120 885 1156 omnino
939 1132 1023 1154 cum
1070 1118 1242 1155 Gesnero·
1292 1120 1548 1167 consentiens,
1605 1133 1670 1157 re-

303 1191 360 1221 cte
416 1191 542 1222 censet
594 1187 633 1221 111
661 1192 738 1222 not.
796 1185 842 1221 ad
899 1198 997 1221 vers.
1057 1183 1166 1221 Tom.
1223 1183 1297 1222 VI.
1355 1200 1393 1233 p.
1447 1190 1540 1223 123.
1597 1199 1669 1234 sq„

302 1265 352 1289 ex
380 1253 463 1299 ipsa
488 1253 711 1289 inventionis
755 1258 792 1289 et
822 1252 1100 1299 compositionis
1139 1254 1303 1289 novitate
1343 1259 1379 1289 et
1417 1253 1670 1291 insolentioris

300 1320 444 1357 formae
473 1319 624 1356 audacia
653 1326 806 1367 patere,
836 1321 977 1368 egregii
1006 1318 1118 1365 hujus
1149 1320 1318 1367 opusculi
1348 1321 1558 1369 neminem,
1597 1322 1671 1358 nisi

299 1386 512 1425 Lucianum
539 1387 690 1435 ipsum,
725 1400 809 1424 esse
838 1388 1005 1434 potuisse
1032 1394 1240 1435 auctorem,
1272 1388 1444 1434 qnoniam
1474 1401 1522 1425 ex
1551 1394 1669 1424 aetate

300 1455 368 1491 illa
411 1468 630 1502 magnorum
661 1461 697 1491 et
727 1455 952 1502 eleg-antium
981 1456 1215 1503 ingeniorum
1250 1455 1340 1491 satis
1369 1454 1514 1503 sterili,
1559 1468 1667 1491 nemo

299 1523 520 1570 innotuerit,
559 1522 619 1558 cui
660 1521 744 1557 talis
786 1522 936 1558 libellus
973 1524 1105 1559 merito
1135 1522 1294 1559 adscribi
1333 1523 1463 1569 possit.
1521 1520 1669 1558 Recita-

299 1591 440 1626 tionem
469 1596 592 1625 autem
632 1586 915 1638 (πρτιςλαλιάν)
954 1603 1038 1627 0550
1074 1588 1145 1626 1100
1184 1590 1319 1626 5111111111
1364 1589 1521 1626 oratoris
1561 1602 1668 1626 enco-

298 1659 438 1703 mium,
469 1657 580 1692 tacile
607 1669 655 1692 ex
685 1657 730 1691 iis
760 1657 853 1693 locis
882 1657 1046 1705 colligo,
1089 1657 1153 1693 ubi
1183 1656 1229 1693 ad
1259 1656 1447 1693 auditores
1489 1670 1668 1704 praesen-

299 1730 356 1760 tes
386 1737 506 1759 sermo
537 1724 786 1770 convertitur,
825 1730 866 1760 ut
905 1737 989 1771 cap.
1024 1728 1061 1761 1.
1106 1719 1209 1772 τάχα
1251 1721 1354 1768 τινὲς
1395 1719 1515 1760 αὐτὸν
1554 1718 1667 1771 ὑμῶν

299 1789 537 1827 ἐπίσταιντο.
577 1803 656 1836 cap.
688 1795 726 1827 2.
766 1787 847 1827 ἴστε
880 1786 1008 1840 δήπου
1045 1778 1198 1827 τὸνη-
1227 1785 1313 1828 νεώ.
1355 1804 1434 1838 cap.
1476 1794 1544 1828 27.
1573 1784 1666 1839 ῧμῒν

299 1853 555 1905 (ἶναλέξοιιιαι.
613 1856 778 1894 Athenis
806 1872 943 1905 porro,
980 1872 1053 1895 11011
1082 1854 1370 1905 Alexandriae,
1407 1864 1448 1894 ut
1475 1858 1666 1895 nonnullis

296 1927 421 1961 visum
451 1932 530 1972 est,
559 1932 622 1961 aut
652 1925 764 1973 alibi,
795 1924 889 1961 1111110
917 1927 1084 1962 acroasin
1114 1938 1196 1962 esse
1226 1926 1438 1973 recitatam,
1467 1939 1576 1962 nemo
1605 1939 1666 1962 re-

295 2005 380 2029 rum
410 1990 627 2028 Atticarum
655 1993 717 2029 vel
746 1993 983 2030 mediocriter
1009 2006 1146 2041 gnarus
1175 1992 1348 2039 idemque
1367 1999 1526 2029 attentus
1550 1991 1664 2038 hujus

296 2061 455 2096 encomii
483 2060 602 2096 lector
629 2060 773 2097 inficias
803 2061 926 2097 iverit.
985 2058 1144 2107 Respice
1171 2060 1341 2107 inprimis
1370 2073 1476 2107 capp.
1501 2064 1538 2097 1.
1569 2066 1607 2097 et
1624 2064 1662 2098 2.

296 2133 334 2163 et
373 2140 468 2174 quae
507 2128 559 2163 ibi
598 2126 645 2163 de
682 2126 889 2164 Ptolemaei
927 2128 1066 2174 templo
1098 2133 1184 2164 sunt
1214 2126 1323 2164 dicta.
1380 2126 1555 2175 Denique
1578 2141 1666 2164 ¹non

295 2206 316 2229 a
342 2195 488 2238 iuniore
518 2192 711 2241 Luciano‚
752 2195 818 2231 sed
860 2209 880 2231 a
918 2196 998 2231 viro
1027 2195 1192 2231 cultioris
1222 2195 1409 2232 doctrinae
1448 2195 1664 2242 subactique

293 2263 370 2309 jam
411 2261 560 2309 judicii,
598 2262 779 2308 scriptum
827 2261 925 2299 hunc
964 2262 1138 2299 libellum
1179 2275 1285 2310 esse,
1338 2268 1379 2299 ut
1426 2262 1573 2298 omuino
1615 2274 1664 2298 ex

293 2330 467 2365 universa
497 2330 578 2375 ejus
605 2328 731 2365 indole
772 2342 814 2365 ac
851 2330 971 2366 forma
1010 2330 1184 2377 propria,
1226 2331 1277 2366 ita
1311 2330 1474 2366 maxime
1514 2342 1563 2366 ex
1600 2329 1662 2376 iis,
1715 2372 1725 2375 -

293 2408 389 2441 quae
419 2390 518 2442 cap.>
542 2398 609 2432 24.
643 2395 840 2444 leg-untur,
884 2397 1090 2434 clarissime
1127 2402 1300 2445 apparet3
1345 2397 1409 2433 ubi
1445 2396 1530 2433 vide
1564 2409 1660 2443 quae

293 2461 340 2498 ad
369 2462 482 2499 verba
510 2456 707 2507 τοςούτων
738 2461 836 2499 ἐτῶν
864 2477 884 2499 11
909 2465 1018 2500 nobis
1046 2470 1133 2500 sunt
1161 2465 1313 2500 monita.
1373 2462 1513 2501 LEHM.

376 2527 464 2567 ead.
504 2529 531 2568 l.
573 2533 613 2568 3.
665 2527 962 2576 Βαδίζοντί
1004 2534 1123 2580 μοι]
1173 2529 1332 2567 Luciani
1383 2543 1458 2567 non
1500 2528 1659 2567 videtur.

293 2596 462 2635 Gmrm.

375 2663 462 2703 ead.
492 2664 520 2703 Ζ.
551 2665 591 2702 4.
624 2657 808 2713 Ἕκτης
849 2660 930 2701 ἐπὶ
968 2662 1122 2711 δέκα]
1155 2662 1213 2703 Eo
1240 2663 1304 2702 die
1340 2663 1482 2702 mensis
1509 2660 1658 2713 Pyauef-
