1740 3095
268 480 1620 565 ADNOTATION'EVS.

622 726 698 774 IN
747 725 1268 801 SATURNALIA.

350 840 452 890 Pag.
487 845 523 879 1.
554 841 582 878 l.
615 845 653 879 3.
684 832 739 878 Ὦ
773 836 940 891 Κρόνε
971 863 1020 869 —-
1053 838 1130 878 σοὶ
1173 838 1422 884 τέθυται]
1466 836 1625 875 Saturno

269 922 374 947 sacra
407 909 572 954 fiebant,
615 908 662 945 de
696 909 829 956 quibus
869 909 1037 954 inprimis
1076 906 1260 944 Μαι-νοῦ.
1298 905 1348 943 L.
1374 904 1407 943 Ι.
1440 919 1471 943 c.
1517 909 1554 943 8.
1587 910 1627 941 et

272 981 336 1014 10.
368 983 406 1013 et
435 975 485 1012 L.
521 974 681 1013 Ger-ald.
722 975 769 1012 de
809 977 915 1012 annis
945 982 982 1012 et
1015 975 1225 1012 mensibus:
1264 973 1356 1011 haec
1385 967 1541 1024 Κρόνια
1570 971 1626 1008 di—

268 1045 441 1081 cebantur
470 1057 490 1080 a
514 1042 694 1090 Graecis,
724 1049 761 1080 et
787 1044 907 1090 primo
935 1057 1009 1080 uno
1037 1042 1096 1079 die
1124 1049 1291 1088 tantum,
1326 1043 1352 1079 i.
1383 1054 1416 1079 e.
1447 1046 1510 1078 14.
1543 1038 1624 1077 Cal.

267 1109 350 1147 Jan.
383 1111 563 1147 celebrari
590 1111 715 1157 solita,
750 1109 816 1146 sed
844 1117 929 1156 post
958 1111 996 1146 in
1024 1109 1188 1146 triduum
1216 1115 1433 1157 propagata,
1463 1109 1626 1155 primum

268 1191 316 1214 ex
346 1177 498 1224 adjectis
537 1190 558 1213 a
597 1175 755 1212 Caesare
783 1175 868 1212 huic
896 1178 1015 1213 mensi
1046 1176 1202 1223 diebus,
1248 1176 1380 1212 deinde
1417 1189 1465 1212 ex
1506 1175 1626 1211 edicto

267 1243 449 1292 Augusti,
477 1257 550 1291 qno
580 1244 693 1280 trium
723 1242 868 1279 dierum
896 1243 1009 1279 serias
1027 1241 1285 1279 Saturnalibus
1314 1242 1476 1279 addixit:
1507 1256 1528 1279 a
1559 1246 1624 1280 16.

267 1313 383 1359 igitur
415 1318 568 1359 coepta,
606 1312 644 1346 in
675 1314 741 1347 23.
772 1310 1010 1356 desinebant,
1040 1324 1112 1357 qno
1142 1310 1224 1346 solo
1254 1309 1335 1346 fieri
1365 1318 1448 1348 ante
1472 1324 1627 1349 consue-

270 1385 409 1415 verant.
451 1376 574 1415 Goon.
635 1376 845 1425 Singularis
883 1384 1005 1414 exstat
1042 1377 1089 1414 de
1119 1375 1377 1414 Saturnalibus
1416 1378 1626 1416 dissertatio

274 1445 412 1493 (ἴσως.
457 1442 627 1493 Theoph.
668 1443 841 1481 Biirnem·
879 1443 986 1491 Lips.
1020 1446 1156 1491 1751„
1201 1446 1305 1492 cujus
1347 1451 1474 1482 auctor
1514 1447 1626 1483 etiam

269 1511 401 1549 horum
429 1511 704 1550 Lucianeorntn
732 1511 896 1559 aliquam
923 1512 1103 1548 rationem
1129 1511 1269 1548 habuit.
1327 1510 1466 1549 me.

353 1577 449 1615 ibid.
486 1574 551 1615 Τό
587 1592 640 1629 γε
681 1578 771 1615 νῦν
814 1573 974 1624 εἶναι]
1017 1575 1083 1616 Sic
1121 1593 1225 1627 supr.
1265 1576 1368 1616 Adv.
1399 1578 1551 1631 ιΙιιιὶοοί.
1591 1595 1623 1619 c.

268 1647 338 1683 ult.
367 1646 395 1682 s.
455 1644 599 1683 Rmrz.

354 1711 441 1750 ead.
479 1713 506 1749 I.
547 1715 584 1750 5.
634 1710 713 1749 ἐπὶ
765 1712 863 1749 τῶν
911 1707 1033 1763 ἱερῶ
1050 1715 1094 1756 21]
1135 1714 1235 1750 inter
1271 1727 1412 1762 sacra,
1465 1714 1626 1752 reddidit

275 1781 490 1817 Gesnerus:
531 1779 591 1816 hie
621 1781 743 1828 enini,
783 1793 882 1824 non,
922 1786 961 1815 ut
990 1778 1192 1817 Biirnerns
1220 1782 1385 1829 putavit,
1426 1779 1625 1818 Hemster-

270 1847 412 1893 husius,
455 1847 541 1883 inde
585 1861 604 1883 a
646 1848 741 1882 libro
772 1846 817 1883 de
848 1844 1049 1895 Sacrificiis
1081 1848 1393 1895 interpretationis
1420 1855 1626 1886 ceterorum

268 1914 451 1961 Latinae,
495 1927 591 1961 (juae
630 1915 668 1950 in
706 1912 778 1950 Ed.
808 1912 1018 1951 Reitziana
1046 1914 1205 1962 legitur,
1241 1921 1367 1952 auctor
1395 1922 1452 1952 est
1488 1915 1625 1953 haben—

271 1983 354 2020 dus.
413 1980 618 2029 vituperat
647 1989 769 2018 antem
795 1980 959 2018 Relinus
986 1995 1055 2029 pro
1084 1995 1187 2018 more
1217 1995 1283 2018 sno
1313 1980 1405 2019 hanc
1446 1984 1626 2030 interpre-

272 2051 472 2096 tationem,
503 2049 599 2085 falso
631 2049 674 2084 ab
704 2049 784 2094 ipso
815 2055 999 2095 acceptam
1029 2063 1122 2096 pro:
1151 2051 1250 2085 inter
1266 2049 1431 2101 fesium,
1463 2048 1627 2088 durante

260 2119 387 2171 festo,
418 2117 463 2154 de
493 2130 566 2164 quo
594 2122 691 2152 certe
724 2115 913 2152 Gesnerus·
941 2128 1014 2152 non
1043 2116 1278 2164 cogitaverat.
1336 2116 1475 2154 Reddit
1503 2125 1625 2157 autem

272 2189 377 2234 ipse:
402 2198 506 2232 pour
528 2184 632 2230 prix
659 2181 706 2219 de
734 2197 809 2220 mes
837 2185 1014 2229 vicffmes,
1047 2179 1131 2220 ἀντὶ
1162 2184 1233 2233 τῆς
1258 2182 1406 2229 &vosag-
1439 2179 1622 2234 ἀμοιβήν,

273 2267 368 2301 quae
403 2252 515 2289 verba
552 2249 624 2286 huc
659 2250 801 2287 confert
843 2264 863 2287 e
905 2264 984 2296 cap.
1028 2252 1066 2287 5.
1126 2249 1175 2287 Et
1213 2252 1265 2287 sic
1302 2253 1378 2298 jam
1411 2251 1625 2290 reddiderat

276 2319 488 2356 Erasmus:
522 2331 598 2366 pro
624 2315 752 2354 hostiis
779 2317 991 2354 innnolatz's.
1050 2315 1107 2354 At
1144 2318 1240 2354 alius
1281 2320 1428 2366 generis
1470 2325 1528 2356 est
1567 2320 1625 2356 lo-

273 2388 372 2425 cutio
404 2381 594 2423 πεττεύειν
623 2382 682 2421 ἐπὶ
713 2379 871 2433 καρύων
900 2399 932 2422 c.
965 2389 1003 2423 9.
1044 2391 1080 2422 et
1114 2385 1283 2433 similes,
1318 2386 1413 2422 alius
1440 2384 1532 2423 haec
1558 2400 1624 2423 no-

274 2462 365 2502 stra,
395 2467 489 2502 quae
516 2453 581 2489 vix
609 2451 716 2488 aliter
740 2453 819 2499 capi
848 2459 982 2500 potest,
1008 2466 1117 2500 quam
1152 2454 1228 2490 sic:
1273 2455 1372 2490 inter
1398 2455 1624 2504 sacr-{fican-

276 2520 379 2558 dum.
436 2520 482 2558 In
513 2520 603 2567 ipsis
633 2519 730 2555 enim
759 2519 949 2556 sacrificiis
973 2533 1101 2567 preces
1130 2521 1212 2558 fieri
1242 2520 1368 2558 solitas
1409 2522 1498 2557 satis
1537 2534 1623 2557 con-

276 2595 361 2625 stat.
420 2586 571 2624 Praeter
610 2587 684 2623 alia
725 2585 811 2623 vide
851 2584 1170 2636 Clytaemnestrae
1209 2589 1421 2635 exemplum
1444 2586 1620 2636 Soplwcl.

276 2655 416 2692 Εἶραν.
442 2668 482 2692 ·v.
515 2656 608 2693 624.
642 2667 700 2701 sq.
757 2651 894 2692 Lnnm.
