1740 3095
308 147 404 193 478
598 157 1377 196 ADNOTATJ‘ONES.

305 282 468 321 bendum
496 296 586 332 ergo
614 279 673 332 με),
700 279 797 320 Δία.
839 282 997 322 SoLAN.
1049 279 1116 334 Νὴ
1145 290 1267 321 tamen
1293 291 1331 322 et
1354 285 1542 334 negationi
1570 283 1673 323 addit

307 349 482 388 Aristid.
504 350 549 387 T.
571 348 623 387 II.
645 364 682 397 p.
706 354 799 388 116.
820 349 893 388 Ed.
908 349 1020 388 Jebb.
1052 349 1129 388 Sed
1141 351 1286 389 Solane
1306 352 1494 390 adsentior
1511 351 1572 389 hic
1591 366 1674 389 mu-

307 419 480 466 tandum3
516 424 583 454 aut
618 418 753 456 saltem
789 419 962 466 negative
990 418 1222 456 vertendum.
1263 418 1413 457 Rmrz.
1471 417 1675 457 Assentior

307 486 453 524 Solane
480 486 560 532 ipse
590 499 749 533 quoque.
808 484 884 522 Sed
913 485 1010 522 illud
1037 496 1136 523 recle
1163 501 1279 534 scene,
1310 487 1405 534 quod
1436 488 1475 523 in
1503 488 1675 545 versione

308 555 440 602 posui,
482 554 533 589 ita
572 553 850 601 intelligebam,
888 562 989 590 recte
1023 568 1116 590 sane
1143 563 1329 591 uttmtur:
1372 554 1493 603 quod,
1535 554 1568 590 si
1596 566 1676 589 rem

308 623 429 669 ipsam
466 626 635 668 spectes,
678 619 834 656 eandem
873 622 949 657 vim
987 619 1120 669 habet,
1161 634 1203 657 ae
1232 622 1466 670 posuissem,
1505 635 1583 658 own
1601 634 1678 668 pei·

307 688 452 725 Jovem.
496 684 624 724 GESN'.
656 689 698 724 in
726 686 919 724 Adclend.
973 686 1075 735 Ergo
1104 688 1218 725 refert
1251 688 1440 725 Gesnerns
1469 686 1677 724 affirmandi

308 755 509 793 formulam
544 754 589 791 ad
619 755 781 802 simplex
805 755 958 792 verbum
988 754 1214 802 praecedens
1240 756 1443 805 χρῶνται,
1485 754 1585 802 quod
1611 767 1679 791 ve-

310 836 421 870 reor,
463 828 505 858 ut
543 821 627 867 fieri
663 824 804 870 possit,
848 836 962 869 quum
998 823 1161 859 formula
1199 819 1309 873 παρὰ
1346 819 1465 874 φύσιν
1499 821 1680 872 χρῶνται

311 903 422 926 unam
451 890 634 926 contineat
659 891 814 937 eamque
841 889 1080 927 indiscretam
1107 891 1308 928 notionem.
1362 888 1461 926 Mihi
1490 895 1680 937 praestare

311 956 524 1004 videbatur,
567 962 653 1004 post
680 953 763 992 Δία
791 957 911 993 lenius
942 958 1176 1006 intel-pungi,
1220 963 1261 993 ut
1290 959 1366 1004 jam
1393 955 1486 993 haec
1515 955 1682 993 affirma-

312 1025 364 1061 tio
403 1038 487 1061 cum
524 1024 693 1070 sequenti
734 1025 915 1060 sententia
953 1030 1144 1072 nectatur,
1185 1030 1221 1060 et
1259 1023 1447 1060 reddenda
1486 1025 1553 1061 sit:
1595 1022 1682 1060 Imo

311 1105 424 1139 vero,
460 1105 537 1139 per·
564 1090 720 1136 Jovem,
760 1093 874 1127 etiam
910 1089 1112 1140 inficiendi
1146 1092 1222 1127 vz'm
1260 1088 1385 1127 habet.
1445 1089 1509 1127 Sic
1549 1103 1682 1127 censeo

311 1159 507 1206 videlicet,
553 1159 586 1195 si
625 1170 714 1195 vera
751 1164 809 1194 est
845 1158 957 1194 lectio
999 1153 1046 1206 w}
1083 1154 1191 1205 Δία,
1235 1158 1273 1193 in
1308 1170 1378 1205 qua
1417 1162 1515 1194 certe
1554 1164 1682 1194 omnes

313 1226 402 1263 libri
440 1226 684 1262 consentiunt.
742 1223 822 1261 Nec
853 1238 942 1261 vero
968 1231 1057 1271 puto
1085 1222 1180 1261 hanc
1205 1226 1259 1261 rei
1288 1223 1542 1272 expediendae
1570 1224 1685 1261 ratio-

314 1306 402 1331 nem
431 1294 475 1330 ab
505 1292 630 1329 indole
662 1291 801 1340 dialogi
829 1289 949 1328 Attici
980 1292 1143 1328 alienam
1175 1305 1272 1329 esse.
1330 1291 1479 1328 me.

401 1360 501 1408 Pag.
535 1363 627 1397 197.
658 1359 686 1396 l.
719 1364 759 1398 S.
795 1355 860 1396 Τὸ
873 1373 894 1396 ν
918 1353 1195 1408 ‘I-Ipaxze'a]
1238 1358 1547 1408 Meminerimus,
1582 1356 1683 1397 Her-

317 1428 440 1467 culem
468 1427 708 1475 peculiariter
735 1440 872 1464 numen
901 1439 984 1463 esse
1015 1424 1266 1475 Cynicorum,
1302 1441 1413 1475 quem
1438 1428 1508 1463 sibi
1537 1428 1684 1463 imitan-

317 1496 407 1533 dum
443 1493 657 1533 Herculisci
703 1496 790 1532 novi
837 1495 1049 1531 sumserint.
1108 1493 1286 1532 pluscula
1335 1502 1419 1531 sunt
1468 1495 1506 1530 in
1545 1493 1683 1531 Proteo

316 1563 491 1602 Luciani.
551 1560 666 1598 Clava
707 1563 821 1598 etiam
859 1562 968 1598 illum
1006 1562 1268 1610 imitabantur,
1323 1564 1428 1606 cuius
1467 1564 1521 1600 rei
1559 1564 1684 1611 imago

319 1637 377 1669 est
414 1631 453 1668 in
479 1629 604 1666 Sexto
633 1628 789 1676 Empir.
818 1628 967 1667 Fabric.
998 1644 1035 1677 p.
1072 1634 1140 1668 39.
1197 1629 1259 1666 De
1298 1643 1413 1678 regno
1443 1630 1509 1667 illo
1538 1629 1685 1668 Hercu-

318 1698 391 1746 lis,
442 1699 547 1743 cujus
592 1697 715 1733 statim
762 1695 806 1732 fit
849 1698 1008 1745 mentio,
1062 1697 1364 1744 splendidissime
1402 1696 1483 1734 Dio
1526 1697 1596 1735 Or.
1640 1698 1687 1735 de

319 1763 453 1813 Regno
488 1777 572 1812 pag.
607 1767 672 1801 12.
702 1761 754 1799 D.
807 1759 975 1807 Ἐκεῖνος
1005 1760 1046 1799 ὁ)
1081 1760 1125 1800 οὗ
1161 1759 1285 1811 μόνον
1323 1764 1394 1813 τῆς
1417 1758 1609 1810 Ἑλλάδος
1637 1757 1687 1815 ἦν

321 1828 529 1882 βασιλεὺς,
591 1826 684 1866 ἀλλ’
740 1825 814 1866 ἀπ’
865 1825 1097 1878 ἀνίσχοντος
1143 1824 1255 1878 ἡλίου
1307 1827 1422 1879 μέχρι
1476 1830 1685 1881 δυομένου,

322 1894 454 1949 πάσης
492 1889 584 1948 ἦρχε
624 1897 719 1948 γῆς,
756 1895 821 1933 καὶ
862 1897 940 1934 τῶν
982 1892 1208 1947 ἀνθρώποψ
1240 1890 1449 1948 ἁπάντων,
1492 1896 1592 1951 παρ’
1629 1893 1689 1945 οἷς

322 1961 408 2019 ἱερά
439 1964 541 2002 ἐστιν
567 1959 809 2016 (Ηρακλέους
837 1978 873 2001 κ.
905 1978 939 2001 τ.
973 1964 1008 2001 λ.
1069 1962 1196 2001 Gesn.

404 2032 500 2070 ibid.
537 2033 578 2068 Τ
584 2032 614 2069 (ὖ
632 2046 650 2068 ν
681 2026 925 2077 πάντων]
959 2029 1003 2068 In
1032 2033 1232 2070 mutatione
1258 2039 1334 2070 tam
1363 2033 1521 2082 exigua,
1561 2046 1688 2071 errore

323 2108 406 2139 orto
453 2114 472 2137 a
522 2099 707 2138 scribendi
753 2099 971 2147 compendio
1018 2100 1054 2136 in
1099 2101 1265 2137 articulis
1302 2100 1496 2149 pingendis
1538 2101 1687 2147 usitato,

325 2175 451 2206 eontra
480 2166 575 2203 Edd.
611 2168 770 2203 desuevi
804 2167 1098 2204 emendationem
1126 2169 1264 2215 recepi.
1320 2167 1402 2204 Etsi
1432 2168 1529 2205 enim
1558 2167 1690 2215 vulga-

323 2243 404 2273 tum
432 2236 521 2272 satis
551 2235 711 2282 intellig-i
740 2241 868 2282 queat,
899 2234 1012 2281 friget
1037 2240 1159 2271 tamen
1188 2248 1275 2282 prae
1305 2235 1442 2281 altero,
1481 2234 1579 2282 quod
1608 2233 1688 2270 Lu-

326 2304 432 2340 ciano
462 2303 618 2349 aliisque
648 2303 836 2348 proprium
866 2314 972 2348 esse,
1002 2303 1223 2339 testimoniis
1252 2301 1351 2338 haud
1382 2308 1478 2349 eget.
1535 2300 1688 2339 Rmrz.

410 2368 497 2407 ead.
528 2369 555 2405 l.
589 2373 654 2406 16.
689 2364 746 2404 Ἡ
783 2365 841 2405 σὺ
883 2366 1060 2412 δοκεῖς
1089 2364 1413 2418 στρωμάτων
1443 2366 1525 2405 καὶ
1556 2362 1690 2404 ὑπο-
1736 2361 1740 2364 ”

329 2432 574 2486 δημάτων
612 2431 814 2485 ἀπόρως
849 2431 1009 2484 ἔχειν,
1048 2435 1133 2472 καὶ
1173 2432 1255 2472 διὰ
1296 2436 1448 2473 τοῦτο
1480 2432 1690 2485 περιϊέ-

328 2517 415 2540 ναι
453 2503 742 2550 τοιοῦτος]
786 2500 950 2550 Cynicus
991 2503 1236 2550 contendens,
1276 2504 1443 2549 labores,
1484 2502 1689 2551 molestias,

329 2570 516 2618 pericula,
557 2583 630 2606 non
672 2569 826 2606 reddere
863 2584 931 2618 per
969 2583 1010 2608 se
1045 2572 1208 2617 aliquem
1237 2572 1413 2607 miserum
1441 2576 1478 2607 et
1503 2576 1689 2618 egentem,

329 2638 446 2675 utitur
483 2637 656 2686 exemplo
685 2636 887 2684 Herculis,
928 2639 995 2686 qui
1033 2637 1179 2688 nudus,
1217 2639 1357 2687 pellem
1385 2637 1494 2675 modo
1522 2636 1688 2687 indutus,
