1740 3095
327 155 419 199 380
668 167 1428 204 AnNo'rA‘ronEs

323 303 459 339 quare:
490 303 575 327 uam
605 290 723 337 prima
750 289 788 326 in
817 285 940 335 καλὸς
968 290 1079 328 etiam
1106 290 1217 339 longa
1246 297 1316 329 est.
1373 288 1436 328 Ac
1472 290 1505 328 si
1533 302 1684 328 versum

321 358 418 395 velis
447 357 608 394 formare
645 354 926 406 hexametrum,
969 371 1037 405 pro
1078 358 1279 409 κρατερῶν
1316 358 1402 407 lege
1441 358 1599 410 κρατῶν
1608 385 1622 404 ,
1663 371 1684 395 a

321 420 481 476 κρατός.
541 422 713 471 Tumque
742 424 1029 472 subsequentem
1050 423 1204 462 habebis
1225 431 1511 474 pentametrum,
1541 426 1574 463 si
1594 438 1685 461 mox

320 487 464 536 παιδὸς
491 491 687 539 resolvas,
727 497 768 527 ut
796 491 862 528 fiat
888 492 1125 540 trisyllabum
1164 487 1319 537 παϊδός.
1379 492 1494 544 Quod
1532 494 1586 530 sic
1622 491 1685 530 edi

320 559 467 606 curavi,
497 571 580 594 cum
608 558 820 606 neglectum
849 565 949 595 esset
976 559 1014 596 in
1043 557 1142 595 Edd.
1168 560 1366 606 prioribus.
1424 559 1576 598 REI'rz.

399 623 487 662 ead.
516 625 545 662 l.
577 629 616 662 6.
635 620 902 671 Πολλάκις
923 620 1254 674 ἅεισώμεθα]
1277 622 1594 681 Βεςθᾷσόμεθα,
1620 625 1683 664 vel

318 687 491 729 nemcix'
517 687 750 741 ἄεισόμεθα,
767 692 865 741 quod
878 692 928 741 pl.
947 699 1005 730 est
1020 706 1078 741 ap.
1091 691 1204 731 Plut.
1222 706 1270 730 ex
1281 691 1495 742 Sapphone.
1515 693 1682 733 θυῖε-ι’.

401 757 507 807 Pag.
545 761 614 797 75.
653 759 681 796 Ζ.
716 764 752 797 1.
803 755 1155 811 Πατρόκλου]
1220 759 1340 799 Hom.
1389 759 1499 799 Iliad.
1546 760 1602 798 H.
1643 767 1681 799 et

316 824 361 876 P,
393 831 487 865 389.
519 833 556 864 et
581 825 629 875 E,
662 828 756 865 155.
815 827 974 866 soum.

396 893 498 942 Pag.
538 897 607 932 76.
656 894 684 931 l.
726 898 766 932 7.
820 891 1090 948 Κᾴκείνου
1139 890 1235 942 μὲν
1287 889 1514 946 ἅμαρτε]
1569 893 1681 932 Iliad.

312 959 375 1009 A,
407 965 500 1000 233.
537 967 574 998 et
602 959 648 1008 Ε,
682 965 775 1000 187.
814 961 973 1000 somn.
1029 959 1233 999 Manifeste
1259 963 1371 998 nimis
1409 960 1593 1013 παρῳδεῖ
1635 961 1681 999 ad

313 1029 408 1066 illud
445 1027 556 1065 Iliad.
592 1027 653 1076 A,
693 1032 787 1066 233.
821 1023 1023 1078 Ἀτρείδης
1059 1025 1131 1077 μὲν
1171 1023 1346 1080 ἅμαρτε,
1396 1027 1519 1080 παραὶ
1559 1026 1604 1066 δέ
1643 1025 1680 1066 οἱ

317 1089 501 1146 ἐτράπετ’
532 1090 656 1145 ἔγχος.
717 1093 846 1145 Quare
874 1093 935 1131 hic
961 1096 1073 1131 etiam
1102 1090 1253 1143 ἥμαρτε
1285 1102 1321 1132 et
1349 1091 1452 1148 πὰρ,
1480 1095 1581 1144 quod
1611 1094 1680 1133 ha-

313 1162 400 1198 bent
428 1161 541 1209 editi,
571 1161 840 1197 immutandum
871 1174 1016 1199 censeo.
1077 1160 1208 1199 GESN.

392 1226 489 1267 ibid.
518 1225 721 1278 Παραὶ]
751 1226 846 1266 cod.
888 1226 967 1265 Ox.
997 1222 1121 1283 παρά.
1178 1226 1359 1276 Impressi
1378 1239 1524 1266 *omnes
1560 1225 1678 1281 παρ’.

311 1295 511 1333 Homerus
538 1292 686 1346 παραὶ,
717 1300 758 1331 ut
787 1295 847 1332 edi
876 1297 1111 1343 curavimus,
1137 1302 1175 1332 et
1202 1293 1263 1332 hic
1290 1302 1328 1333 et
1356 1309 1470 1344 supra
1498 1295 1676 1335 Pseudol.

312 1377 391 1411 cap.
425 1367 491 1401 27.
532 1362 692 1400 SoLAN.
742 1358 914 1412 Ἆμαρτε
944 1361 1091 1413 παραὶ]
1135 1361 1236 1399 Illud
1265 1361 1388 1414 παραὶ
1416 1378 1486 1412 pro
1522 1364 1676 1413 vulgato

311 1426 410 1482 παρ’
451 1429 620 1467 Salanus
647 1442 696 1467 ex
724 1428 897 1467 IIomem
925 1431 1072 1467 restitui
1110 1431 1249 1479 jussit,
1293 1431 1429 1467 oblitus
1467 1438 1589 1468 tamen
1630 1427 1675 1469 τὸ

309 1492 476 1548 ἥμαρτε,
506 1497 604 1545 quod
635 1510 706 1546 ego
747 1497 879 1536 eadem
918 1498 1030 1535 metri
1067 1499 1289 1536 necessitate
1324 1499 1363 1535 in
1401 1492 1554 1550 ἅμαρτε
1592 1511 1676 1536 mu-

308 1566 397 1603 tavi.
455 1564 608 1602 RmTz.

392 1629 479 1668 ead.
518 1631 547 1668 l.
579 1636 617 1669 8.
651 1626 726 1676 Ἐς
755 1625 872 1676 δύο]
916 1628 1037 1679 Supra
1074 1630 1180 1670 Dial.
1220 1628 1380 1669 Meretr.
1415 1628 1532 1669 XIII.
1570 1630 1671 1669 med.

308 1697 357 1736 Et
386 1696 485 1735 Tox.
516 1712 549 1736 c.
582 1700 650 1736 54.
680 1697 781 1734 med.
837 1697 990 1737 Rmrz.

391 1764 478 1803 ead.
519 1765 546 1804 l.
588 1768 654 1803 14.
698 1765 771 1816 Τῇ
809 1762 1104 1819 βακτηρίᾳ]
1147 1763 1292 1802 Aeneis
1330 1764 1444 1803 clavis
1485 1764 1672 1802 confixum

306 1834 481 1871 baculum
511 1833 546 1870 ei
575 1832 705 1869 tribuit
729 1829 913 1879 Alciplw.
949 1830 1001 1868 II.
1031 1846 1069 1879 p.
1102 1834 1197 1869 408.
1255 1831 1407 1870 Rzrrz.

395 1900 497 1948 Pag.
528 1904 595 1938 77.
623 1899 651 1936 l.
683 1902 722 1936 7.
752 1892 861 1947 Αῗμ’
893 1895 1043 1947 ἐμέων]
1072 1897 1193 1936 Hom.
1222 1896 1270 1936 Il.
1312 1897 1361 1947 O,
1393 1903 1458 1936 11.
1510 1898 1669 1937 SonAN.

390 1966 478 2005 ead.
516 1966 543 2003 Ζ.
587 1970 653 2004 17.
688 1961 1206 2016 Ἀνατετραμμένας]
1255 1964 1316 2004 Ex
1354 1964 1448 2003 Cod.
1487 1963 1568 2004 Ox.
1625 1964 1670 2003 In

305 2036 417 2084 impr.
447 2029 780 2085 ἅνατρεπομείἀς.
838 2032 997 2072 SoLAN.

394 2100 481 2139 ead.
511 2100 540 2137 l.
574 2104 640 2138 18.
666 2094 1104 2149 Ῥιπτουμὲνους]
1149 2097 1245 2136 Cum
1275 2094 1419 2151 ῥιπτέω
1457 2112 1574 2148 aeque
1612 2098 1670 2137 di-

306 2176 409 2207 catur
437 2182 479 2205 ac
508 2163 657 2219 ῥίπτει),
697 2180 772 2203 non
813 2167 1097 2204 auscultandum
1134 2166 1225 2204 duxi
1262 2164 1390 2204 codici
1428 2165 1508 2205 Ox.
1542 2166 1671 2204 Hero-

306 2236 416 2274 dian.
446 2233 542 2283 VII,
571 2238 611 2272 7.
644 2236 682 2271 6.
710 2227 900 2285 ὑπηρέται
930 2232 1178 2284 συρέντες-
1197 2229 1467 2285 ε’ῤῥιπτοῦντο.
1514 2234 1667 2273 ΒΕῙΤΖ.

305 2303 487 2351 Propius,
519 2302 551 2339 si
581 2313 673 2348 opus
703 2307 806 2350 erat,
847 2301 1061 2349 exemplum
1100 2307 1180 2339 erat
1221 2296 1351 2352 ῥιπτεῖ
1383 2315 1496 2350 supra
1533 2315 1567 2340 c.
1598 2304 1667 2340 44.

305 2377 343 2409 et
369 2371 442 2408 alia
469 2382 542 2406 non
569 2381 687 2416 pauca
715 2369 752 2404 in
782 2370 864 2417 ipso
892 2367 965 2407 hoc
991 2367 1183 2406 Luciam.
1240 2367 1388 2407 LEHM.

390 2437 494 2486 Pag.
543 2439 613 2475 78.
660 2434 688 2473 Ζ.
731 2439 771 2473 2.
820 2430 1171 2487 Εὗπόρησαν]
1229 2433 1375 2472 Forsan
1418 2429 1664 2486 ηὗπόρησαν,

306 2505 405 2554 quod
445 2504 564 2552 magis
602 2499 775 2539 Atticum
811 2502 931 2551 foret,
971 2503 1153 2550 quaesivit
1190 2501 1326 2540 Solan.
1384 2501 1490 2539 Bene
1526 2508 1665 2548 tamen,

305 2572 403 2621 quod
441 2571 538 2609 nihil
572 2569 796 2608 immutarit:
839 2569 1072 2618 frequentius
1111 2570 1210 2607 enim
1250 2565 1314 2617 εὖ,
1363 2582 1474 2617 quam
1511 2564 1584 2617 ηὗ,
1625 2569 1665 2606 in

305 2638 520 2688 hujusmodi
573 2637 789 2688 compositis
834 2634 1043 2675 habuimus.
1100 2634 1195 2676 Vid.
1234 2634 1351 2675 Alex.
1391 2648 1423 2672 c.
1466 2639 1534 2673 22.
1590 2633 1664 2673 Pro
