1768 3125
286 190 1130 224 INCHARIDEMUM.
1346 182 1438 224 611

145 310 245 357 Pag-
280 312 376 349 250.
416 311 443 348 I.
486 315 524 349 1.
571 307 640 349 Οὔ
689 310 920 363 φροντὶς
952 306 1316 365 (Ῑπποκλῑ-ιίῒῃ]
1362 313 1438 353 Eo-

59 378 143 416 dem
183 378 338 427 adngiO,
381 379 480 426 quod
522 387 576 417 est
619 381 664 417 ab
709 380 870 418 Erasmo
910 381 1159 429 explicatum,
1206 381 1436 431 Apologizun

58 461 126 495 pro
157 445 337 483 BIercede
368 445 571 485 Conductis
604 446 802 485 Luciumue
845 449 1036 485 conclusit.
1098 450 1226 486 (lass.

141 514 229 552 ead.
265 515 291 552 l.
325 520 363 553 3.
412 505 610 561 Οὗτος]
654 515 798 561 Reiecit
840 515 933 553 lianc
973 524 1098 554 notum
1130 516 1200 553 Ed.
1236 517 1331 555 Pur.
1392 517 1434 555 In

57 582 279 630 quibusdam
311 584 359 619 ita
391 582 636 632 adscribitur,
679 591 718 620 ut
757 598 802 620 an
842 584 890 621 ad
931 585 1215 632 praecedentem
1248 587 1433 633 libellum,

55 663 102 688 an
140 650 184 687 ad
223 658 461 698 sequentem,
503 652 635 688 referri
666 652 875 701 voluerint,
917 655 1075 690 nescias.
1134 651 1223 690 Mos
1264 662 1435 702 receptus

54 717 102 754 ad
129 726 347 765 sequentem
378 719 519 756 referre
549 720 663 765 jubet.
725 718 801 756 Sed
832 720 915 757 vide
946 729 1069 757 notam
1097 729 1263 757 nostram
1294 722 1339 758 :td
1383 724 1434 759 si-

38 787 144 824 -mile
174 785 371 823 Scholium
401 786 466 823 fini
496 789 686 835 sequentis
717 788 889 835 opusculi
919 788 1106 836 additamg
1152 789 1249 825 unde
1276 791 1432 839 patebit,

53 860 91 891 et
132 853 202 891 hoc
237 854 283 891 ad
321 852 603 902 praecedentem
645 855 853 904 Dialogum
896 856 1026 893 referri
1072 856 1222 894 debere.
1269 857 1431 897 SOLAN·

49 919 287 971 Rejiciuntur
314 921 407 960 haec
435 924 548 961 etiam
574 923 619 960 ab
648 921 720 960 Ed.
748 922 847 960 Bas.
880 926 922 961 4.
982 922 1076 962 Bw.

263 1203 366 1252 IN
435 1203 1189 1254 GHARIDEMUM.

132 1327 238 1377 Pag.
272 1332 368 1368 251.
400 1329 428 1368 I.
464 1335 499 1368 1.
528 1328 921 1377 XAPIAHMOE]
957 1330 1043 1369 Non
1074 1346 1159 1370 esse
1187 1331 1286 1371 hunc
1315 1334 1426 1372 libel-

46 1393 126 1432 lum
164 1395 346 1445 aniani,
405 1399 524 1435 ausim
563 1399 812 1448 contendere,
857 1399 922 1436 sed
956 1398 1230 1438 Scholasticam
1265 1403 1426 1450 alicujus

45 1463 355 1502 declamationem
387 1480 503 1513 prope
533 1467 740 1515 puerilem,
773 1470 879 1513 cujus
907 1469 961 1504 rei
992 1468 1212 1506 documenta
1243 1471 1425 1518 quaedam

45 1545 68 1569 e
104 1533 191 1569 stilo
232 1535 346 1580 petita
385 1547 474 1570 mox
513 1533 708 1583 dabimus,
750 1549 884 1582 nempe
920 1536 1103 1583 insignia,
1143 1551 1189 1574 ne
1229 1540 1313 1585 quis
1343 1539 1424 1575 sola

43 1606 160 1648 putet.
203 1599 331 1637 Grssss.
391 1599 486 1638 Tam
524 1602 658 1639 leviter
697 1605 861 1650 proiecto
900 1605 1028 1652 magni
1068 1605 1244 1651 ponderis
1285 1607 1422 1653 judicio

42 1667 144 1717 quod
177 1667 432 1706 IVieIande·us
462 1670 696 1707 subscribere
727 1670 927 1716 dubitavit,
959 1670 1153 1719 nihiloque
1183 1675 1305 1712 minus
1338 1674 1423 1712 Lu-

42 1738 197 1775 cinnum
236 1736 437 1773 admodum
480 1739 681 1785 juvenem,
725 1736 853 1775 Attica
893 1745 1087 1776 venustate
1131 1747 1168 1777 et
1209 1742 1421 1781 urbanitate

27 1803 204 1841 inondum
234 1805 326 1840 satis
357 1805 537 1853 tinctum,
579 1803 694 1853 hujus
731 1806 853 1843 libelli
883 1813 1072 1844 auctorem
1102 1821 1188 1845 esse
1226 1810 1299 1846 sibi
1335 1825 1421 1858 per-

40 1873 181 1921 suasit,
224 1878 326 1909 tanto
366 1874 490 1909 minus
533 1880 591 1911 est
619 1874 783 1921 mirum,
823 1887 938 1921 quum
969 1875 1022 1910 sic
1052 1875 1087 1911 ei
1131 1875 1177 1912 de
1207 1878 1310 1926 stylo
1339 1885 1420 1915 tan-

39 1946 119 1978 tum
149 1941 212 1988 agi
239 1939 454 1988 videretur,
497 1942 604 1987 cujus
631 1940 692 1977 vel
721 1940 887 1988 ruditas,
919 1941 980 1977 vel
1008 1948 1090 1978 arte
1119 1950 1270 1989 paratus
1300 1945 1418 1994 rigor,

38 2007 184 2055 aliquid
226 2009 478 2045 excusationis
517 2009 554 2044 in
595 2006 714 2044 aetate
752 2008 913 2044 auctoris
962 2006 1121 2056 habere,
1169 2011 1240 2057 ipsi
1292 2018 1418 2050 antem

23 2076 206 2121 censori,
237 2075 389 2123 linguae
419 2075 670 2111 subtilitatum
699 2076 821 2111 minus
849 2088 965 2123 gnaro
976 2104 990 2122 ,
1020 2090 1093 2112 non
1123 2084 1221 2114 tanta
1239 2106 1249 2125 ,
1279 2088 1418 2127 quanta

42 2141 225 2190 Gesnero,
256 2143 346 2179 vitia
375 2142 497 2180 videri
526 2150 692 2190 possent.
751 2140 901 2179 Verum
941 2145 1013 2180 etsi
1048 2157 1122 2180 nou
1163 2147 1286 2183 tenuia
1325 2149 1415 2197 sint,

37 2224 133 2259 quae
171 2211 313 2257 passim
350 2224 371 2247 a
417 2209 612 2257 Gesnero,
652 2211 792 2257 passim
822 2211 934 2247 etiam
976 2224 996 2247 a
1034 2225 1120 2259 me,
1159 2213 1416 2252 animadversa

37 2275 356 2326 deprehenderis,
399 2284 441 2314 ut
471 2277 517 2315 de
546 2278 683 2324 ineptis
710 2278 913 2314 verborum
943 2280 1323 2329 transpositionibus,
1366 2281 1414 2319 de

35 2345 342 2392 frequentissimo
367 2359 439 2382 usu
467 2344 714 2382 formularum
743 2345 931 2389 τοςοῦτον
960 2369 1017 2374 --
1047 2341 1165 2395 dig-ze,
1198 2343 1326 2393 οὕτως
1357 2370 1414 2377 -

36 2406 147 2459 (ficte,
180 2418 217 2448 et
246 2413 340 2449 mira
370 2410 585 2459 apostrophi
615 2413 836 2460 insolentia,
867 2419 904 2450 et
931 2415 1014 2458 ejus
1043 2416 1192 2462 generis
1214 2415 1300 2453 aliis
1319 2417 1414 2466 styli

19 2480 159 2526 vitiis,
190 2492 287 2526 quae
316 2493 385 2517 nec
413 2481 450 2516 in
482 2479 802 2516 adolescentulum
832 2478 1077 2529 Luciamtm,
1119 2483 1269 2530 qualem
1298 2497 1319 2521 e
1346 2497 1413 2532 ge-

33 2547 160 2584 nuinis
205 2548 287 2594 ejus
328 2547 660 2584 declamationibus
714 2554 750 2584 et
799 2549 1128 2586 exercitationibus
1182 2551 1411 2597 juvenilibus

18 2615 228 2661 -novimus,
270 2614 351 2652 ullo
389 2615 501 2652 modo
544 2614 697 2652 cadunt:
740 2615 853 2664 longe
895 2622 1020 2654 tamen
1048 2618 1201 2665 gravius
1230 2625 1288 2655 est
1315 2618 1411 2656 illud

32 2689 316 2733 argumentum,
356 2681 458 2732 quod
495 2696 546 2721 ex
572 2683 719 2721 interna
745 2697 873 2722 rerum
899 2697 944 2722 ac
970 2685 1240 2723 sententiarum
1279 2685 1409 2724 indole

982 2750 1113 2802 Qq2
