1740 3095
306 155 401 198 650
696 168 769 198 DE
804 167 1008 198 AETATE
1044 168 1111 199 ET
1148 168 1386 199 AUCTORE

307 289 405 328 sorte
434 288 520 326 aliis
549 287 738 325 districtus
766 301 896 326 secure
921 288 1080 324 nimium
1115 294 1264 325 secutus
1306 295 1365 326 est
1391 287 1605 327 Huwrms:
1642 292 1678 328 εἰ

307 355 459 408 quidem
487 365 523 394 et
552 359 651 393 inier-
675 365 807 404 gentes
837 354 1051 393 Cnnzsws
1069 358 1217 408 saevit.
1274 355 1406 405 Neque
1434 371 1522 395 vero
1552 359 1585 394 is
1606 371 1676 406 ego

307 439 412 471 sunl,
445 425 507 471 qui
538 422 738 461 Chrestum
769 431 805 461 et
832 422 1072 461 Chrestianos
1102 438 1170 471 pro
1200 423 1352 464 Christo
1391 432 1428 462 et
1454 423 1676 462 Christianis

307 499 383 530 tam
437 492 686 539 agentilibus,
715 505 845 529 verum
876 493 1154 540 ignorantibus,
1185 506 1296 540 qnam
1324 506 1344 530 a
1373 494 1525 540 nostris,
1566 506 1678 530 omen

307 561 584 607 accipientibus,
614 559 732 597 dictos
761 560 878 596 fuisse
906 573 1040 607 neg-em
1057 588 1068 607 ,
1095 559 1161 597 sed
1189 561 1285 597 illud
1312 560 1417 608 dico,
1455 573 1529 597 non
1557 559 1678 598 videri

307 627 576 675 Triephontem
607 625 799 664 Christum
828 627 891 663 vel
920 625 1150 665 Christianos
1178 629 1328 677 verbis,
1359 641 1454 676 quae
1482 627 1593 665 modo
1613 626 1679 664 ad-

307 695 416 733 ducta
455 702 566 742 sunt,
608 695 843 743 significare,
888 701 1063 742 tanquam
1101 697 1252 743 proprio
1281 697 1455 744 nomine,
1493 696 1677 733 voluisse.

305 762 468 800 Dixerat
497 763 626 810 paullo
656 769 740 800 ante
769 762 831 799 hic
860 761 1069 810 Triephon:
1115 758 1209 808 ίὸςτε
1246 759 1365 801 ἔασον
1394 759 1578 811 ἅπαντα,
1625 757 1681 807 ὥς

306 829 372 868 καὶ
401 828 444 868 σὲ
473 829 513 867 ἐν
539 834 627 875 ταῖς
670 828 920 878 ἐπουρανίοις
947 829 1106 879 βίβλοις
1140 827 1265 867 ΤΩΝ
1290 828 1549 868 ΑΓΑΘΩΝ
1575 827 1678 868 ἀπο-

305 893 549 949 γράφονται.
610 896 708 935 Vult
736 900 940 946 nimirum,
985 897 1163 945 Critiam,
1203 899 1345 935 relictis
1375 899 1453 936 illis
1481 899 1680 947 gentilium

305 966 516 1003 fabularum
544 966 681 1013 nug-is,
712 965 759 1001 ad
789 963 1087 1003 Clu-istisinoruln
1115 964 1241 1002 Deum
1270 979 1312 1002 ac
1339 966 1560 1014 religionem
1596 978 1681 1003 sese

306 1040 544 1077 convertere,
591 1039 632 1069 ut
669 1042 704 1069 et
739 1035 822 1080 ipse
850 1032 1085 1070 inscribatur
1113 1036 1155 1069 in
1184 1031 1408 1070 caelestibus
1435 1034 1514 1071 illis
1541 1032 1680 1069 BbNo-

305 1113 405 1138 RUM
442 1099 565 1136 libris.
627 1099 725 1137 Tum
764 1098 926 1147 Critias,
978 1091 1018 1137 51³)
1069 1095 1200 1136 πάντα
1238 1096 1494 1149 οἷιάκυκλεΐς,
1544 1102 1679 1148 inquit,

305 1160 337 1205 ὦ
372 1167 580 1218 Totas-151⁷,
627 1171 758 1215 (snpra
800 1170 898 1205 enim
933 1170 1008 1214 jam
1050 1167 1097 1204 de
1126 1167 1235 1203 libris
1276 1162 1526 1216 caelestibus,
1565 1174 1604 1205 et
1640 1168 1680 1204 iu

304 1236 351 1272 iis
377 1236 617 1282 inscriptione
646 1234 793 1272 dixerat
820 1234 1002 1283 Triepho)
1050 1229 1152 1272 ἀλλά
1189 1248 1257 1283 μοι
1289 1230 1399 1283 τόδε,
1444 1242 1482 1273 et
1518 1235 1680 1283 reliqua,

305 1316 400 1350 quae
426 1303 537 1340 modo
574 1303 792 1351 attulimus,
830 1303 893 1340 ubi
933 1305 1140 1351 interrogat
1169 1300 1327 1351 Critias,
1367 1317 1420 1340 cm
1447 1301 1682 1352 Scytharum

303 1373 419 1407 etiam
445 1384 579 1407 curam
605 1380 720 1418 gerat
746 1370 880 1419 Deus,
919 1380 953 1408 et
996 1373 1037 1408 in
1076 1368 1218 1407 librum
1256 1370 1343 1407 illos
1370 1381 1592 1407 BONORUM
1621 1371 1681 1407 in-

302 1438 475 1477 scribat?
539 1438 687 1491 Quidni
716 1438 915 1483 inscribat,
943 1438 1145 1486 respondet
1165 1436 1343 1485 Triepho,
1373 1441 1408 1475 si
1436 1437 1545 1475 modo
1564 1447 1681 1474 ΒΟΝΙ

302 1509 411 1544 sint?
472 1505 542 1543 Cui
570 1520 644 1543 non
671 1514 848 1556 apparet,
874 1503 1052 1558 χρηστὸν
1078 1505 1163 1553 hic,
1207 1511 1248 1542 ut
1278 1505 1372 1542 alias
1401 1505 1500 1553 apud
1529 1506 1680 1553 quosvis

303 1576 528 1622 scriptores,
562 1576 784 1622 praesertim
813 1588 913 1620 eum,
945 1587 1055 1621 quem
1083 1572 1221 1610 Noster
1248 1578 1306 1609 est
1334 1573 1514 1620 imitatus,
1543 1570 1682 1609 Lucia-

302 1656 417 1689 num,
447 1643 535 1689 poni
565 1638 651 1679 ἀντὶ
682 1643 753 1679 τοῦ
780 1638 970 1691 ἅγαθοῦ;
1007 1641 1064 1678 Ita
1104 1641 1205 1677 infra
1243 1653 1276 1677 e.
1306 1644 1372 1678 23.
1398 1635 1576 1691 χρηστὸς
1603 1635 1680 1690 γὰρ

304 1705 354 1748 ἂν
384 1705 467 1758 εἴης
497 1704 575 1745 ἀπό
606 1721 647 1758 γε
676 1709 747 1746 τοῦ
778 1704 1007 1758 σχήματος,
1036 1723 1128 1745 nam
1144 1709 1275 1760 frugi
1302 1721 1381 1744 esse
1409 1721 1579 1755 appares
1605 1708 1681 1744 ‘uti-

303 1792 375 1828 que
403 1791 458 1813 ex
487 1774 632 1813 habitu.
694 1774 893 1812 Praeterea
922 1777 1048 1812 nescio
1065 1803 1076 1823 ,
1119 1789 1165 1812 an
1209 1775 1384 1822 exemplo
1413 1775 1564 1822 probari
1593 1787 1680 1822 pos-

304 1846 378 1893 sit,
403 1839 581 1894 χρηστὸν
611 1842 751 1879 dictum
789 1857 857 1890 pro
890 1841 1118 1880 Christiano.
1175 1841 1272 1879 Nam
1304 1840 1496 1879 Christum
1529 1841 1680 1888 quidem

302 1914 428 1960 ipsum
458 1910 643 1958 quomodo
673 1910 888 1958 intelligere
919 1911 1004 1956 quis
1031 1922 1113 1945 cum
1142 1909 1237 1945 bona
1268 1909 1386 1946 bonae
1415 1909 1550 1946 mentis
1568 1909 1680 1946 venia

302 1981 417 2026 velit,
448 1992 522 2015 nou
550 1977 688 2027 vide03
719 1990 802 2014 cum
830 1982 1031 2025 appareat,
1070 1990 1137 2024 pro
1166 1989 1305 2024 genere
1334 1975 1551 2025 hominum,
1581 1974 1681 2023 quod

304 2048 433 2096 plures
459 2047 529 2084 sub
560 2059 601 2083 se
633 2045 922 2094 complectatur,
964 2057 1093 2081 vocem
1122 2044 1235 2092 poni,
1278 2049 1315 2081 et
1339 2042 1433 2080 hanc
1462 2056 1545 2080 esse
1573 2043 1680 2081 verbi

306 2110 515 2165 τυγχάνειν
544 2114 647 2160 vim,
687 2117 728 2148 ut
757 2112 922 2149 converti
960 2111 1113 2159 debeat,
1150 2112 1186 2147 si
1223 2109 1334 2148 modo
1373 2112 1570 2158 contingat
1599 2122 1682 2148 esse

305 2183 406 2219 inter·
431 2178 597 2230 Scythas
626 2179 791 2229 aliquem
821 2186 892 2216 etc.
951 2178 1030 2216 Nec
1061 2176 1202 2215 Christi
1227 2179 1366 2227 igitur,
1403 2188 1472 2215 nec
1500 2175 1680 2214 Christia-

305 2262 465 2296 norum,
495 2247 718 2285 nominatim
749 2247 975 2282 mentionem
1015 2246 1054 2282 in
1090 2243 1162 2282 hoc
1203 2244 1354 2294 dialogo
1392 2245 1477 2282 fieri
1518 2256 1678 2293 cense03

307 2316 408 2365 qnod
438 2327 616 2363 quorsum
655 2314 860 2361 pertineat,
899 2312 995 2349 infra
1034 2312 1255 2350 videbimus.
1313 2310 1389 2349 Hic
1426 2311 1523 2348 illud
1558 2311 1680 2349 notari

307 2384 444 2428 velim,
473 2381 654 2429 quidquid
683 2382 796 2418 etiam
825 2379 871 2417 de
902 2377 1061 2416 Chresto
1091 2380 1164 2425 sit,
1193 2368 1404 2416 Lueianum
1432 2380 1485 2416 ita
1513 2392 1587 2416 non
1616 2379 1680 2416 vi-

306 2450 389 2487 deri
425 2451 651 2496 scripturum
690 2448 826 2495 fuisse,
869 2460 952 2484 cnm
990 2444 1285 2484 Christianorum
1323 2460 1483 2494 nomen,
1533 2446 1679 2494 quoties

309 2530 404 2565 opus
433 2517 525 2564 fuit,
556 2515 793 2564 adhibuisse,
833 2527 882 2552 ex
911 2512 1187 2552 Pseudomanti
1224 2515 1365 2562 pariter
1400 2520 1510 2562 atque
1538 2512 1677 2551 Proteo

310 2587 402 2624 satis
431 2589 587 2621 constet.

394 2650 545 2699 XXII.¹
565 2648 694 2691 Venio
719 2649 766 2690 ad
794 2654 1054 2699 argumentum
1082 2649 1173 2689 satis
1207 2647 1358 2687 firmum
1372 2676 1386 2698 ,
1424 2654 1465 2687 ut
1493 2660 1564 2697 ego
1593 2647 1678 2696 qui-
