1740 3095
299 160 392 203 326
645 173 1406 205 ADNOTATIONES

299 292 384 331 Dea
412 300 450 331 et
474 293 580 331 illius
605 291 816 341 Prophetae
855 307 1004 342 semper
1041 307 1125 330 cum
1166 295 1354 343 tympanis
1392 293 1667 341 conspiciuntur

299 362 340 399 in
368 362 609 409 antiquorum
636 362 901 398 monmnentis.
930 360 1031 398 Nota
1064 359 1156 398 haec
1194 368 1279 399 suut
1307 362 1442 399 omnia.
1503 359 1664 397 Gnuzv.

385 427 480 465 ibid.
535 427 652 476 Κυμ
667 422 893 474 βάλοις]
947 426 1096 466 Horat.
1150 433 1187 466 1.
1242 427 1317 465 Od.
1370 427 1540 476 XVIII,
1598 432 1665 465 13.

300 493 429 533 Sacra
447 505 530 534 tene
549 508 633 532 cum
646 493 878 544 Berecyntio
895 495 1024 533 Cornu
1048 495 1375 544 TYMPANA,
1397 503 1505 544 atque
1528 495 1669 543 passim

301 562 401 610 apud
442 563 537 600 alios
576 569 842 611 tssnpanorum
878 565 918 600 in
959 564 1075 600 sacris
1116 561 1281 612 Cybeles
1323 564 1408 601 fieri
1443 564 1669 600 mentionem

302 631 389 678 quis
417 629 564 669 nescit?
601 636 712 678 atque
740 630 826 667 inde
855 625 1079 679 τυμπάνοις
1109 637 1145 667 et
1173 629 1235 667 hic
1276 645 1361 668 cum
1395 630 1534 668 Graev.
1572 631 1668 667 reci-

300 697 476 745 piendum
505 696 646 736 credat.
703 696 788 736 Non
816 704 893 735 tam
920 698 1077 735 festine:
1120 711 1205 734 nam
1243 704 1280 735 et
1309 699 1490 747 cymbalis
1528 699 1568 735 in
1603 699 1668 734 iis-

302 764 389 801 dem
437 779 548 803 usum
587 765 727 815 fuisse,
772 765 850 803 vid.
891 765 1002 803 Min.
1042 764 1129 803 Fel.
1172 763 1262 805 Oct.
1301 780 1340 813 p.
1383 770 1490 804 172(
1534 764 1585 802 Et
1621 778 1672 802 ex

303 830 444 870 Nonno
481 832 521 870 id
560 832 753 871 docentem
787 832 838 871 F.
869 832 929 871 A.
957 832 1109 882 Lampe
1137 833 1183 871 de
1214 831 1408 883 Cymbalis
1436 839 1528 870 vett.
1558 831 1609 870 L.
1640 833 1669 870 l.

304 913 385 948 cap.
416 901 481 938 15.
511 915 551 948 p.
582 904 650 939 91.
681 907 719 939 et
748 899 821 938 III.
853 914 934 949 cap.
968 905 1033 940 17.
1073 902 1138 949 qui
1173 900 1224 939 L.
1265 899 1298 938 I.
1339 915 1425 949 pag.
1470 901 1563 938 134.
1606 912 1670 936 eos

303 965 570 1017 reprehendit,
600 969 665 1017 qui
694 969 910 1018 cymbalum
938 982 981 1006 ac
1012 976 1231 1018 tympanum
1260 968 1363 1005 idem
1384 969 1673 1005 instrumentum

303 1034 420 1071 fuisse
445 1041 634 1082 putarunt.
693 1033 919 1085 Cymbaltun
958 1036 1057 1072 enim
1084 1036 1278 1073 definierat
1306 1037 1345 1072 in
1374 1036 1402 1072 f.
1431 1049 1512 1083 cap.
1546 1039 1582 1072 1.
1613 1036 1672 1071 in-

302 1110 551 1139 strumentum
580 1104 776 1149 musicum,
806 1105 898 1140 semi
922 1101 1143 1152 rotundum,
1174 1117 1321 1151 cavum,
1351 1102 1494 1150 binum,
1526 1111 1561 1139 et
1585 1115 1672 1139 con-

293 1168 417 1220 flictu
443 1177 603 1214 motum,
645 1170 815 1218 tympani
840 1176 966 1207 autem
994 1170 1154 1218 figuram
1185 1184 1233 1207 ex
1261 1170 1576 1218 frequentissimis
1604 1183 1673 1205 nu-

304 1236 377 1271 mis
407 1236 535 1273 matris
565 1235 693 1273 Deum
718 1243 843 1273 notam
873 1249 976 1274 esse:
1016 1236 1119 1285 quod
1147 1250 1231 1274 cum
1259 1238 1311 1274 ita
1341 1238 1419 1284 sit,
1460 1237 1569 1284 plura
1609 1235 1673 1273 ad-

304 1301 393 1340 dere
421 1302 663 1351 supersedeo,
721 1302 867 1341 Rmrz.
1547 1345 1552 1349 ,

390 1369 493 1419 Pag.
513 1375 577 1409 16.
593 1371 621 1409 I.
638 1376 677 1410 3.
693 1366 764 1410 Νό
777 1387 807 1421 μ
821 1385 840 1408 0
854 1386 866 1407 ι
896 1385 924 1407 π
937 1385 958 1422 ρ
972 1371 1002 1408 (ὖ
1017 1385 1038 1408 τ
1052 1374 1113 1417 οι]
1138 1369 1450 1419 (Disthiguendae
1468 1370 1539 1409 hae
1553 1372 1673 1422 leg-es,

304 1439 539 1486 seorsimque
568 1439 737 1488 singulae
766 1439 1070 1487 imprimendae).
1129 1436 1339 1486 Scripserat
1375 1440 1487 1476 etiam
1515 1439 1673 1478 Aristo-

305 1505 395 1543 teles
423 1500 571 1555 νόμους
608 1502 888 1556 συμποτικοὺς,
928 1512 1027 1545 teste
1055 1504 1260 1544 Athenaeo
1303 1510 1394 1544 186.
1435 1504 1487 1544 B.
1532 1506 1673 1557 Quam—

306 1587 420 1621 quam
448 1574 487 1610 in
524 1575 693 1623 catalogo
733 1577 816 1622 ejus
856 1587 1012 1622 opermn
1049 1587 1123 1611 non
1161 1580 1305 1620 exstet,
1345 1575 1419 1611 nisi
1458 1573 1675 1611 admittatur

307 1640 541 1689 emendatio,
571 1655 682 1689 quam
711 1642 790 1679 illic
818 1642 858 1678 in
886 1640 1074 1689 Dffonccgii
1099 1643 1197 1678 notis
1226 1640 1357 1679 habes.
1417 1639 1569 1679 SoLAN.

392 1706 478 1745 ead.
510 1708 538 1745 l.
573 1712 639 1745 11.
666 1703 1011 1754 Ἐξεταζέτω,
1056 1705 1194 1757 μηδὲ
1224 1705 1573 1760 ἀναγραφέτω
1604 1716 1673 1746 etc.

306 1772 440 1824 μηδὲ
483 1775 519 1812 λ.
566 1769 742 1812 ἀσκεῖν
783 1771 807 1824 ἢ
840 1772 1286 1824 ἐπιδείκνυσθαι]
1328 1773 1377 1811 In,
1411 1789 1528 1823 marg.
1569 1775 1671 1813 Ald.

310 1841 442 1879 lVess.
484 1841 710 1889 adscriptum
757 1848 836 1879 erat
885 1836 1071 1888 ἐξετάζειν
1124 1847 1162 1878 et
1201 1836 1530 1893 ἀναγράφεσθαι,
1577 1844 1675 1891 quod
1720 1843 1723 1848 “

307 1910 435 1947 nescio
461 1923 551 1946 num
578 1910 681 1947 varia
708 1909 758 1947 sit
785 1909 897 1946 lectio
913 1937 925 1958 ‚
955 1922 1001 1946 an
1030 1921 1118 1946 suos
1145 1909 1184 1945 in
1212 1921 1302 1945 usus
1328 1907 1421 1946 haec
1449 1911 1562 1947 verba
1595 1918 1674 1948 tan-

309 1983 387 2014 tum
415 1977 591 2014 adnotare
618 1976 781 2015 voluerit
806 1977 948 2025 scriba,
989 1976 1104 2025 (quod
1133 1983 1170 2014 et
1199 1976 1293 2013 alias
1317 1976 1512 2022 factitavit>
1551 1984 1674 2025 poste-

308 2046 386 2082 rius
424 2051 548 2082 tamen
597 2045 788 2093 suspicor,
838 2045 925 2092 quia
974 2041 1237 2094 γτμιάζέσθω
1282 2045 1461 2082 ἱηῐοοῐιυιι
1507 2045 1673 2092 reliquit.

308 2111 367 2149 At
406 2113 645 2160 imperativos
686 2118 722 2149 et
758 2111 962 2149 infinitivos
1004 2112 1059 2148 sic
1104 2112 1209 2160 jungi
1245 2110 1340 2151 nihil
1376 2112 1535 2149 monstri
1575 2125 1675 2161 esse,

308 2179 387 2219 vid.
421 2179 469 2216 ad
497 2193 530 2217 c.
560 2184 624 2216 11.
651 2186 828 2217 notatum.
886 2177 1034 2217 RmTz.

401 2245 490 2285 ead.
548 2246 577 2284 l.
628 2250 692 2284 16.
759 2241 1091 2298 Γραφόντων
1132 2266 1189 2281 -ψ-
1223 2240 1473 2294 ἐχόντων]
1542 2243 1674 2294 Recte,

308 2329 378 2363 pro
415 2310 707 2366 γραφέτωσαν,
760 2310 971 2363 ἐχέτωσαν.
1030 2311 1124 2351 Vid.
1155 2313 1328 2350 similiter
1365 2308 1674 2364 (ἶποτρᾰχόιίων,

311 2376 598 2430 ἀπαιτούντων,
640 2394 721 2429 cap.
754 2383 820 2419 15.
879 2378 1017 2421 Confer
1056 2387 1183 2419 notam
1219 2378 1441 2417 Hemsterh.
1481 2380 1527 2417 ad
1569 2380 1674 2418 Dial.
1728 2373 1738 2377 μ

310 2447 426 2486 Mort.
457 2447 514 2498 X,
546 2453 584 2486 2.
625 2447 673 2486 ad
700 2449 806 2490 verb.
849 2444 1112 2499 ἀπεῤῥίφθων
1150 2462 1218 2496 pro
1260 2443 1600 2499 ἀπερρίφθωσαν,
1639 2456 1674 2485 et

310 2516 451 2554 Solcmi
479 2516 524 2554 ad
556 2514 725 2555 Charon.
755 2516 784 2552 s.
816 2513 1029 2563 Contempl.
1061 2529 1094 2554 e.
1126 2518 1190 2553 14.
1224 2519 1311 2561 (non
1342 2519 1409 2552 26.
1438 2522 1479 2552 ut
1507 2514 1553 2551 ad
1570 2514 1673 2552 Dial.

311 2582 428 2623 Mort.
471 2597 544 2621 non
589 2597 673 2621 mea
710 2584 841 2631 culpa,
879 2583 1091 2631 adlegatur)
1134 2584 1197 2620 ubi
1238 2583 1383 2620 videbis
1425 2579 1675 2633 ἑπαιξκ-’σθων

311 2664 378 2700 pro
409 2649 714 2703 ἐπαιρέσθωσειν
741 2651 879 2695 frustra
918 2651 1161 2691 sollicitatum
1200 2664 1222 2691 a
1263 2650 1355 2691 viris
1390 2649 1523 2687 doctis.
1581 2648 1675 2686 Item
