1740 3095
294 168 385 211 666
679 179 743 210 DE
780 179 993 211 AETATE
1029 180 1094 210 ET
1131 178 1379 211 AUCTORE.

293 305 370 352 jam
400 301 618 340 Boinoa-ms
630 302 666 348 a)
707 300 890 348 templum
934 313 1000 338 seu
1041 300 1235 338 basilicam
1273 299 1556 350 deprehendere
1593 302 1667 340 sibi

293 373 397 409 visus
427 378 483 408 est
513 372 552 407 in
580 369 658 406 illis
687 367 827 416 dialogi
856 368 981 405 verbis
1008 381 1041 405 c.
1075 373 1142 406 23.
1173 368 1240 406 καὶ
1269 366 1317 419 δὴ
1354 364 1573 419 διήλθομεν
1603 382 1670 411 σι-

295 436 443 490 δηρέας
470 452 509 475 τε
541 432 669 480 πύλας
697 434 761 472 καὶ
789 433 987 485 χαλκέους
1017 432 1182 483 οὖδούς,
1215 432 1460 488 ἅναβάθρας
1490 434 1533 474 δὲ
1557 434 1666 474 πλεί-

294 519 393 551 στας
433 498 847 556 περικυκλωσάμενοι,
903 501 943 548 ἐς
976 498 1241 555 χρυσόροφον
1282 497 1392 541 οἶκον
1436 499 1667 554 ἀνήλθομεν

293 587 330 610 κ.
360 587 396 610 τ.
430 572 465 609 λ.
525 570 588 609 Ac
616 572 726 608 illum
755 571 907 619 quidem
935 585 1008 608 uon
1038 584 1122 609 esse
1151 571 1399 620 audiendum,
1428 573 1505 620 jam
1534 570 1670 609 BLON-

292 637 500 686 DELLUsb)
531 640 624 676 olim
652 639 934 677 demonstravit.
993 637 1071 676 Sed
1106 639 1241 677 melius
1279 639 1438 677 fortasse
1480 639 1668 688 procedet,

292 709 325 746 si
354 709 584 744 invertamns
615 713 874 755 argumentum
902 705 1060 744 Bai-onii
1076 736 1086 754 ,
1128 714 1240 755 atque
1271 708 1323 744 ita
1350 707 1550 749 dicamus2
1582 708 1671 755 quia

290 775 468 812 basilicae
519 781 731 813 sumtuosae
782 774 952 813 meminit
1000 781 1128 812 auctor
1180 774 1344 823 dialogi,
1398 775 1494 813 tales
1544 781 1669 812 autem

291 842 470 880 basilicae
500 840 733 879 Constantini
762 842 913 880 demum
942 848 1061 879 aetate
1092 849 1129 879 et
1154 849 1240 890 post
1285 842 1475 880 aedificari
1516 850 1671 890 coeptae.

292 917 402 957 sunt,
441 909 529 946 iude
567 911 699 957 sequi,
751 909 946 958 dialogum
996 916 1163 946 nostrum
1201 923 1275 946 non
1313 917 1397 948 ante
1437 908 1673 948 Constantini

292 984 460 1024 tempora
498 977 618 1014 fuisse
658 978 850 1025 scriptum.
908 976 1059 1015 Verum
1099 978 1288 1015 enimvero
1324 991 1373 1014 ne
1415 979 1466 1015 ita
1505 980 1681 1015 rationes

291 1051 443 1093 putem,
484 1046 608 1092 primo
647 1044 744 1080 illud
774 1045 922 1092 obstat,
968 1044 1069 1092 quod
1111 1057 1186 1081 non
1228 1058 1350 1092 usque
1390 1044 1483 1082 adeo
1527 1051 1673 1082 certum

292 1112 579 1159 consessumque
608 1117 691 1160 est,
722 1111 863 1158 templa
893 1119 929 1148 et
958 1112 1131 1148 basilicas
1171 1113 1334 1158 majores
1353 1113 1672 1160 pretiosiorosque

291 1186 377 1217 ante
417 1176 652 1215 Constantini
692 1179 893 1225 imperium
943 1192 1017 1216 non
1070 1180 1281 1216 exstitisse:
1331 1177 1609 1216 LAcTANTms
1626 1181 1671 1228 ⁰)

292 1254 391 1285 certe
421 1247 590 1283 meminit
620 1246 825 1294 ecclesiae,
867 1259 979 1293 quam
1019 1246 1264 1284 editissimam
1288 1252 1422 1294 vocat,
1467 1259 1489 1284 a
1517 1246 1673 1284 Diocle-v

291 1316 390 1352 tiano
431 1320 468 1351 et
495 1312 730 1351 Maximiano
768 1311 825 1350 A.
867 1311 911 1351 C.
955 1326 1090 1352 cccw.
1119 1313 1354 1362 destructae,
1396 1328 1498 1362 quaer
1530 1315 1674 1362 aliquot

292 1383 489 1420 minimum
519 1382 626 1418 aunis
656 1387 755 1429 ante,
783 1380 881 1418 sorte
908 1383 984 1428 jam
1013 1381 1083 1419 sub
1113 1380 1341 1418 Alexandro
1373 1380 1516 1419 Severo
1550 1382 1674 1422 suerat

293 1449 453 1487 condita.
510 1447 661 1486 Deinde
702 1449 734 1485 si
772 1449 1023 1485 certissimum
1061 1450 1174 1486 etiam
1212 1450 1283 1496 sit,
1306 1456 1409 1495 'post
1439 1446 1673 1487 Constantini

294 1517 341 1555 ad
371 1522 519 1554 nostros
546 1528 739 1553 accessum
766 1516 940 1553 basilicas
971 1515 1162 1553 aedificari
1189 1516 1337 1553 demum
1360 1522 1523 1565 coeptas,
1554 1517 1671 1554 nolim

295 1591 418 1622 tamen
450 1598 497 1621 ex
526 1582 597 1621 hoc
622 1583 705 1619 loco
735 1582 938 1631 quidquam
967 1583 1015 1621 de
1046 1591 1167 1621 aetate
1196 1585 1358 1621 auctoris
1385 1584 1549 1634 inferre,
1589 1597 1673 1622 cum

292 1652 487 1701 probabile
517 1650 815 1699 non-videatur,
845 1651 1065 1699 basilicam,
1106 1665 1217 1699 quam
1247 1652 1444 1689 ecclesiam
1475 1659 1577 1690 aetas
1606 1652 1673 1689 illa

293 1720 473 1764 vocabat,
505 1718 669 1766 intelligi
697 1718 798 1754 velle
829 1716 998 1756 Critiam.
1057 1717 1190 1766 Atque
1230 1720 1281 1756 ita
1324 1719 1526 1767 aliquoties
1565 1720 1673 1758 nobis
1722 1756 1723 1759 ,

292 1787 467 1826 laudatus
506 1785 648 1822 DAvln
692 1783 991 1822 annums-
1016 1785 1195 1822 adversus
1223 1784 1455 1823 Emonam
1495 1787 1674 1836 disputat,

293 1870 378 1893 cum
406 1851 506 1891 m'lzz'l
529 1867 730 1890 occurrere
758 1854 809 1889 ait
833 1861 995 1900 praeter
1019 1853 1268 1891 coenaculum
1298 1855 1341 1890 in
1369 1856 1455 1901 ipso
1491 1856 1675 1902 privatae

293 1922 428 1960 domus
444 1923 621 1974 fastigio
649 1929 896 1968 constratum,
927 1921 1072 1972 affioeo
1099 1920 1206 1958 ‘tirello
1228 1922 1354 1958 crucis
1375 1921 1485 1958 titulo
1507 1923 1673 1971 insigne,

294 2005 442 2043 quoque
469 1992 543 2026 vix
565 2003 643 2037 per
669 1987 901 2036 multiplices
937 1987 1134 2026 scalarum
1169 2002 1289 2038 gyros
1320 1988 1468 2025 Critiae
1485 2017 1496 2037 ,
1539 2002 1675 2025 manu-

294 2059 456 2096 ducente
484 2057 577 2104 alio,
608 2055 771 2094 evadere
798 2055 964 2093 licuerit.
994 2071 1001 2081 1
1023 2054 1155 2103 Adde,
1185 2069 1259 2092 non
1296 2057 1488 2103 reperisse
1518 2053 1674 2093 Critiam

296 2128 509 2166 concionem
536 2126 657 2163 omnis
685 2125 835 2173 generis
864 2122 1080 2173 hominum,
1110 2125 1292 2172 juvenes,
1320 2124 1525 2171 mulieres,
1556 2124 1672 2171 viros,

341 2227 375 2267 a)
403 2226 457 2259 Ad
484 2226 527 2258 A.
552 2225 591 2257 C.
616 2225 673 2258 57.
701 2223 730 2265 §-
758 2225 833 2255 101.

341 2284 378 2324 1))
404 2286 456 2316 De
480 2283 653 2325 Episcopis
678 2289 710 2312 et
733 2281 901 2322 Presbytt.
932 2281 957 2312 l.
982 2292 1012 2312 e.
1058 2279 1225 2321 Joscphus
1258 2280 1362 2310 etiam
1396 2277 1497 2310 Mede
1531 2288 1575 2310 ex
1608 2278 1674 2310 hoc

388 2342 464 2372 loco
489 2339 631 2382 probare
665 2337 821 2374 volebat,
850 2337 975 2378 templa
1006 2336 1081 2378 jam
1106 2334 1247 2378 Trajani
1280 2347 1362 2367 aevo
1398 2335 1528 2366 exstrui
1562 2335 1673 2372 solita,

385 2397 552 2428 refutatus
575 2395 617 2425 ab
637 2394 695 2424 Ill.
721 2393 930 2424 Boehemero
958 2394 1099 2424 Dissert.
1138 2393 1215 2423 Jur.
1250 2392 1343 2422 Eecl.
1378 2390 1421 2422 ad
1447 2388 1604 2421 Plinium
1639 2397 1672 2421 et

393 2449 545 2484 Ter-tull.
571 2453 604 2490 2,
631 2452 687 2481 13.
711 2463 744 2492 p.
769 2450 826 2481 ⁵2.
852 2451 964 2480 nescio
990 2460 1094 2490 quam
1119 2449 1226 2487 bene,
1251 2459 1332 2479 cum
1359 2457 1471 2478 aurea
1495 2448 1552 2477 illa
1582 2450 1675 2477 tecta

389 2510 537 2544 ironice.
573 2519 634 2549 pro
669 2507 802 2536 miseris
838 2513 870 2536 et
903 2506 1132 2549 pauperibus,
1173 2505 1316 2546 accipit3
1360 2502 1453 2545 quod
1495 2504 1598 2534 etiam
1631 2502 1673 2533 ab

390 2561 629 2597 Ablancurti0
657 2563 786 2593 sactum
817 2560 930 2593 video-
977 2561 1100 2594 Nostra
1129 2562 1164 2593 in
1189 2568 1344 2592 neutram
1377 2567 1509 2602 partem
1542 2556 1673 2600 aliquid

386 2623 501 2653 referi.
1464 2609 1466 2612 ⁵

344 2679 376 2717 c)
403 2677 452 2709 De
479 2677 648 2708 mortibus
676 2681 836 2717 persecut.
865 2684 894 2704 c.
921 2675 975 2704 12.

1732 3074 1740 3095 a»,
