1768 3125
263 194 329 224 ιΝ
367 192 742 226 coNv1v1U1v1
781 193 898 225 snu
938 194 1277 226 LAPITHAS.
1361 182 1454 226 35⁷

81 310 132 352 Οἱ
170 310 387 365 κρείττονες
422 319 509 351 sunt
549 310 586 350 οἶ
625 313 740 362 θεοὶ,
778 322 818 351 ut
855 321 956 352 recte
985 311 1159 364 Hesych.
1218 312 1283 351 Sic
1312 317 1453 363 passim

79 380 215 419 Graeci
254 388 423 418 auctores
460 387 498 418 et
526 379 729 420 Lucianus
766 388 894 420 noster
933 384 971 419 in
1009 380 1234 420 Charidemo
1270 396 1351 431 cap.
1385 387 1453 422 12.

76 450 160 494 πῶς
202 444 238 486 οἶ
267 446 486 499 κρείττονες
514 445 645 499 ἔχουσι
677 448 762 500 περὶ
793 450 932 487 τοῦτο·
984 450 1050 487 ubi
1079 449 1209 487 itidem
1237 463 1452 499 perperam,

74 518 142 568 qui
164 518 337 565 potiores
361 514 564 554 habentur.
623 515 803 565 Sequitur
827 517 877 554 ibi
905 531 996 554 mox
1026 512 1131 555 οὕτω
1161 516 1204 555 δὲ
1233 512 1452 569 περισπού-

74 583 218 629 δαςτον
261 587 346 629 τοῖς
385 586 510 629 θὲοῖς.
571 583 667 622 Item
704 586 743 622 iu
773 582 1000 622 Charidemo
1040 589 1079 622 6.
1122 588 1189 624 15.
1231 590 1297 625 23.
1331 593 1374 623 ‘et
1412 586 1451 623 in

71 650 293 690 Demonact.
325 665 358 688 c.
392 657 457 690 11.
486 651 537 690 L.
566 650 666 689 Bos.

156 718 244 757 ead.
273 718 301 756 l.
335 723 401 757 12.
432 714 566 764 Ἴων]
598 717 768 766 Philops.
799 733 832 756 c.
861 722 900 757 6.
939 717 1092 757 Sotffl.

156 785 245 824 ead.
285 786 313 824 l.
359 790 424 825 14.
480 783 579 824 Τὸν
626 774 917 838 κλιντῆρα]
971 784 1147 837 Hesych.
1214 787 1449 841 Κλιντῆρεζ.

73 851 208 906 δίφροι
228 884 236 900 ,
268 853 410 891 κλίναι.
451 852 624 892 Masis.
683 852 792 892 Idem
820 856 897 902 jam
924 852 1084 892 habebat
1116 854 1253 905 Guyet.
1299 853 1449 894 Rm'rz.

154 920 242 959 ead.
286 921 315 959 l.
358 926 424 959 16.
484 918 563 967 'Eg
602 919 655 959 δὲ
694 918 785 960 τὸν
825 917 1146 973 ἀντίθυρον]
1195 918 1448 974 Ἀντίθυρος,

70 989 218 1036 ellipsis
271 1003 340 1037 pro
395 986 614 1041 ἅντίθνρος
665 992 813 1039 τοῖχος.
880 987 971 1037 Ipse
1020 988 1191 1029 Lucian.
1236 1003 1350 1038 supra
1401 990 1449 1029 de

68 1056 194 1094 Domo
234 1060 282 1103 (c.
315 1059 402 1102 26.)
439 1053 541 1095 κατὰ
579 1055 622 1095 δὲ
660 1053 729 1095 τὸν
767 1055 890 1106 μέσον
929 1060 1082 1107 τοῖχον,
1123 1052 1207 1095 ἄνω
1236 1058 1308 1108 τῆς
1336 1053 1448 1101 ἄντί-

67 1125 222 1175 θυρος·
265 1124 330 1162 sed
360 1125 423 1161 ubi
452 1124 653 1174 legendnm
682 1125 855 1174 videtur,
892 1120 976 1163 ἄνω
1006 1126 1077 1176 τῆς
1105 1120 1356 1177 ἀντιθύρου,
1385 1132 1448 1163 aut

67 1193 192 1241 potius
222 1193 292 1230 τοῦ
323 1187 559 1243 ἀντιθύρου.
615 1190 790 1230 MENAG.

152 1258 250 1298 ibid.
294 1256 365 1298 Τὸ
419 1255 768 1310 ἀντίθυρον]
816 1257 909 1297 Cod.
941 1257 1021 1297 Ox.
1052 1260 1107 1297 uti
1143 1258 1344 1297 emendare
1373 1265 1448 1298 sta—

69 1335 225 1365 tueram.
286 1326 330 1365 In
357 1327 553 1375 impressis
582 1327 754 1364 omuibus
783 1322 852 1365 τὸν
887 1324 974 1366 ἀντ.
1031 1325 1128 1366 Vid.
1157 1325 1282 1365 Alex.
1312 1341 1347 1365 c.
1379 1331 1447 1367 16.

67 1385 220 1435 Soims.
280 1393 403 1443 Supra
443 1394 489 1431 de
516 1393 633 1432 Dom.
665 1408 698 1431 c.
731 1397 798 1432 26.
830 1394 1022 1444 diximus,
1057 1396 1195 1433 variari
1225 1397 1264 1432 iu
1292 1408 1447 1445 genere,

65 1463 297 1511 dubiumque
339 1476 448 1508 esse,
491 1459 535 1500 τὸ
567 1458 815 1513 ἀντίθυρον,
858 1475 905 1499 an
933 1457 957 1512 ἡ
987 1463 1051 1500 vel
1081 1457 1101 1499 ὃ
1133 1460 1352 1515 ἀντίθυρος
1379 1476 1446 1501 vo-

65 1532 178 1569 luerit
208 1537 349 1568 auctor.
406 1527 457 1566 Et
485 1543 568 1566 cum
598 1529 821 1577 plerumque
849 1530 1029 1579 gignendi
1058 1529 1330 1578 accusandique
1356 1543 1446 1568 casu

65 1599 165 1647 apud
203 1599 296 1636 alios
335 1598 516 1645 occurrit,
556 1596 651 1634 nihil
689 1597 776 1635 inde
813 1597 1009 1635 conficias:
1055 1611 1142 1634 nam
1171 1611 1208 1635 e.
1239 1611 1272 1635 c.
1299 1597 1446 1645 quando

65 1665 232 1704 Homer.
260 1663 338 1702 Od.
363 1663 421 1702 ΙῙ.
454 1668 549 1702 159.
581 1666 651 1713 ait,
684 1664 768 1714 Στῆ
792 1662 834 1702 δὲ
856 1661 950 1703 κατ’
974 1661 1194 1716 ἀντίθυρον
1213 1664 1367 1715 κλισίης
1385 1685 1442 1693 --

65 1736 172 1781 cujus
206 1733 259 1770 ibi
297 1733 446 1782 generis
475 1733 567 1769 est?
617 1731 771 1770 Pollux
800 1733 912 1781 plane
941 1733 1082 1771 omisit.
1138 1730 1288 1776 Verum
1318 1739 1444 1770 tamen

64 1801 112 1839 de
145 1801 312 1850 partibus
350 1799 484 1837 domus
513 1813 654 1849 agens,
697 1815 736 1849 p.
765 1814 817 1838 m.
847 1802 915 1838 49.
945 1798 1058 1838 habet
1085 1800 1284 1850 analogum
1314 1796 1444 1852 ἀμφί-

63 1870 218 1921 θυρος,
256 1863 306 1918 ’ἢν
335 1861 559 1919 δ”Ομηρος
581 1862 817 1919 ὀρσοθύρην
847 1868 979 1916 καλεῖ,
1019 1881 1063 1906 ac
1090 1868 1221 1906 femin.
1251 1868 1365 1916 facit,
1403 1868 1444 1906 ni

64 1931 115 1987 ἢν
143 1934 191 1974 ad
220 1930 452 1987 ὀρσοθύρην
479 1934 647 1985 referas3
692 1943 728 1973 et
758 1949 841 1973 cum
868 1936 998 1983 paullo
1028 1942 1113 1983 post
1141 1929 1373 1986 ὑπέρθυρον
1405 1940 1443 1973 et

62 1998 312 2056 ὑπερθύριον
339 2009 473 2041 neutro
502 2016 589 2051 gen.
620 2004 733 2040 etiam
762 2003 887 2050 dicat,
916 2002 1066 2040 videtur
1092 2002 1316 2049 adjectivum
1342 2014 1442 2050 esse,

65 2078 107 2110 ut
145 2077 245 2108 recte
275 2071 388 2107 etiam
416 2071 547 2107 statuit
573 2068 626 2107 L.
655 2069 753 2108 Bos.
783 2070 830 2107 de
859 2070 985 2118 ellipsi
1014 2084 1053 2119 p.
1087 2074 1181 2109 161.
1241 2067 1320 2107 Sed
1348 2082 1443 2106 non-

66 2138 157 2176 dum
205 2138 376 2185 sequitur
427 2136 536 2184 iude,
590 2137 802 2174 necessario
841 2140 975 2187 τοῖχον
1015 2138 1201 2187 intelligi,
1250 2145 1289 2175 et
1325 2150 1442 2175 masc.

66 2216 174 2252 esse;
204 2206 259 2242 uti
288 2205 388 2242 enim
415 2204 636 2242 seminimun
665 2210 746 2253 est,
776 2204 925 2252 quando
950 2207 1101 2254 januam
1128 2208 1262 2254 januae
1290 2204 1443 2253 opposi-

66 2280 143 2311 tam
166 2272 377 2322 siguificat,
417 2272 469 2309 ita
498 2271 646 2319 quando
674 2271 723 2309 de
750 2271 833 2311 loco
861 2275 997 2320 januae
1026 2274 1200 2322 opposito
1225 2278 1442 2321 usurpatur,

65 2347 241 2378 neutrum
288 2339 358 2388 fit,
408 2345 447 2377 et
492 2337 615 2391 μέρος
653 2339 756 2377 forte
796 2340 1048 2391 intelligitur,
1101 2346 1165 2379 aut
1201 2343 1352 2390 τεῖχος,
1401 2345 1444 2377 ut

66 2407 205 2446 Solan.
247 2407 354 2445 vult:
406 2420 565 2456 cumque
598 2419 715 2455 supra
751 2409 790 2445 iu
817 2406 938 2446 Alex.
974 2421 1057 2457 cap.
1090 2412 1156 2447 16.
1194 2413 1327 2445 neutro
1355 2420 1443 2456 gen.

67 2477 183 2514 etiam
207 2473 475 2520 habuerimus,
515 2472 612 2512 nihil
634 2472 808 2522 prohibet
834 2481 872 2514 et
898 2474 960 2513 hic
987 2476 1040 2514 ita
1069 2475 1243 2524 dedisse3
1282 2487 1444 2522 cumque

67 2556 182 2591 supra
229 2543 258 2580 l.
309 2541 347 2578 d.
390 2541 550 2579 dixerim
568 2570 582 2590 ‚
629 2543 802 2580 usitatius
843 2544 1091 2581 mascnlinum
1133 2556 1243 2590 esse,
1291 2540 1330 2579 id
1367 2543 1443 2590 jam

69 2610 208 2648 dictum
236 2610 403 2657 nollem,
433 2610 504 2647 etsi
532 2611 691 2647 inveniri
720 2624 868 2659 quoque
898 2624 1014 2649 masc.
1040 2625 1127 2660 gen.
1154 2616 1233 2648 uon‘
1256 2622 1375 2658 nego,
1400 2615 1444 2646 ut

71 2674 134 2715 hic
167 2678 209 2715 in
246 2677 422 2726 vulgat03
471 2683 511 2714 et
547 2677 668 2715 sicubi
704 2677 801 2716 forte
836 2674 934 2724 ναὸς
960 2678 1215 2727 intelligatur,
1254 2682 1296 2715 ut
1326 2676 1442 2715 Gesn.
