1740 3095
270 170 363 213 680
636 181 706 212 DE
743 181 948 212 AETATE
983 180 1054 212 ET
1090 181 1332 214 ,meror-E

267 318 368 354 que,
422 302 519 340 illuc]
558 303 669 341 etiam
707 303 974 352 plerorumque
1011 301 1301 352 Apostolorum.
1359 301 1642 353 Appellationis

269 362 464 408 utriusque
493 361 719 398 mentionem
757 359 893 397 habent
931 361 1043 397 etiam
1082 361 1170 398 libri
1205 363 1327 410 sacri,
1371 360 1641 412 Galilaeorum,

265 416 354 455 Joh.
385 422 426 465 7,
460 423 526 455 52.
558 413 634 466 Μὴ
665 415 729 454 καὶ
761 413 810 454 σύ
842 415 883 454 ἐκ
912 417 984 466 τῆς
1013 416 1234 463 Γαλιλαίας
1263 413 1318 468 εἷς
1362 416 1642 457 Nazarenorum

266 482 393 512 autem
420 472 514 511 Act.
559 475 628 522 24,
659 475 698 512 5.
742 472 805 510 nbi
848 472 1003 511 Paullus
1032 469 1319 525 πρωτοστάτης
1342 475 1413 525 τῆς
1441 475 1521 513 τῶν
1549 475 1642 513 Να-

267 530 440 583 ζαραίων
483 527 671 581 αἱρέσεως
708 536 874 568 vocatur.
933 529 1105 569 Durasse
1142 529 1234 569 haec
1271 533 1421 568 nomina
1461 532 1508 570 ad
1543 531 1642 570 illud

266 595 438 637 tempus,
468 601 541 634 quo
572 585 775 624 Christiani
803 585 1031 625 Antiochiae
1057 589 1219 636 primum
1253 596 1340 626 sunt
1368 590 1503 637 vocati,
1533 589 1642 627 testis

265 652 415 693 praeter
445 644 541 682 alios
573 650 631 682 est
659 642 896 691 SU1DAS³):
925 640 1067 682 Ἰστέον
1099 640 1158 682 ὅτι
1189 643 1249 682 ἐπὶ
1281 644 1489 683 Κλαυδίου
1518 647 1642 695 βασι-

268 696 452 745 λεύοντος
499 695 878 750 ,μετωνομάσθησαν
928 698 963 738 οἶ
1005 696 1128 738 πάλαι
1172 697 1371 751 λεγόμενοι
1416 700 1642 752 Ναζηραῖοι

265 757 331 795 καὶ
362 757 599 807 Γαλιλαῖοι,
638 755 904 805 Χριστιανοί·
947 759 1012 806 qui
1043 757 1083 795 id
1111 758 1261 796 videtur
1288 760 1469 797 sumsisse
1499 773 1548 797 ex
1574 756 1649 819 Joff·¹

264 828 403 852 munt:
433 813 712 853 AN'rloclmNo
738 812 938 864 MALELA,
968 815 1066 863 apud
1095 829 1206 864 quem
1220 813 1256 861 b)
1287 815 1420 853 eadem
1447 816 1641 865 leguntur.

266 869 361 909 Cum
390 873 490 909 enim
519 872 680 908 nominis
710 870 1012 910 Christianorum
1040 870 1294 921 Antiochiae,
1326 871 1470 910 Evodio
1498 874 1643 920 episco-

263 929 389 978 palem
449 928 578 965 sedem
631 935 861 976 occupante,
926 930 1095 976 impositi
1145 931 1373 966 mentionem
1427 930 1641 976 injecisset:

266 980 404 1037 πρώην
444 981 545 1035 γὰρ,
596 984 718 1033 addit,
763 983 994 1033 Ναζωραΐοι
1036 984 1275 1033 ἐκαλοῦντο,
1323 983 1388 1022 καὶ
1432 984 1642 1023 Γαλιλαῖοι

265 1040 480 1080 ἐκαλοῦντο
512 1038 548 1079 οἳ
574 1040 828 1091 Χριστιανοί.
889 1041 982 1079 Post
1013 1041 1086 1078 hoc
1126 1048 1274 1089 tempus
1304 1042 1534 1080 obsolevisse
1565 1040 1643 1079 Ga-

263 1099 464 1136 lilaeorum
491 1111 628 1142 nomeu
656 1097 825 1135 videtur:
867 1111 952 1135 cum
991 1099 1170 1135 nimirum
1199 1105 1237 1135 et
1266 1098 1370 1135 aliud
1400 1105 1522 1146 esset,
1567 1111 1642 1146 quo

264 1162 505 1193 censerentur
535 1153 680 1192 Christi
710 1154 906 1202 discipuli,
951 1161 987 1192 et
1016 1154 1171 1202 prolatis
1200 1162 1306 1191 extra
1337 1152 1560 1203 Galilaeae,
1599 1167 1643 1192 ac

263 1211 499 1250 Palaestinae
528 1211 621 1248 adeo
652 1210 748 1248 fines
788 1211 984 1259 religionis
1016 1209 1250 1248 Christianae
1293 1212 1520 1260 pomoeriis,
1559 1212 1643 1258 ipsa

263 1268 477 1317 appellandi
507 1274 671 1306 cessaret
698 1268 816 1315 ratio,
858 1269 929 1304 nisi
958 1269 1067 1316 quis,
1111 1275 1230 1305 totum
1260 1267 1441 1304 mundum
1469 1269 1507 1305 in
1537 1266 1645 1305 Gali-

262 1326 385 1364 laeam
413 1339 566 1362 versum
603 1338 713 1372 esse,
753 1324 937 1362 voluisset
968 1324 1103 1362 dicere.
1162 1323 1256 1362 Inde
1285 1331 1362 1372 est,
1405 1323 1504 1372 quod
1539 1324 1644 1362 nulla

263 1384 309 1420 ab
339 1389 534 1422 eaoaetate
565 1380 824 1419 Galilaeorum
853 1383 995 1419 mentio
1025 1382 1266 1428 occurrite),
1307 1381 1426 1418 donec
1453 1380 1643 1430 Julianus,

264 1438 562 1477 Christianorum
600 1438 891 1486 appellationem
938 1440 1016 1486 jam
1058 1438 1267 1486 gloriosum
1311 1438 1455 1485 aliquid
1503 1437 1643 1476 habere

262 1497 420 1544 videns,
449 1495 621 1544 stupidae
644 1496 766 1543 gentis
796 1508 932 1533 nomen
960 1494 1184 1532 Christianis
1215 1501 1252 1532 et
1281 1495 1450 1531 attribuit
1476 1495 1574 1543 ipse,
1605 1501 1644 1532 et

262 1554 339 1591 lata
364 1554 450 1603 lege
480 1554 592 1601 jussit
628 1551 801 1588 attribui:
845 1551 943 1600 quod
986 1551 1139 1599 quidem
1167 1552 1408 1599 pertinaciter
1436 1551 1530 1588 adeo
1559 1552 1643 1599 ipse

263 1611 462 1658 observat,
501 1616 543 1646 ut
585 1609 650 1645 vix
679 1607 853 1655 credam,
896 1606 1038 1646 Christi
1079 1615 1144 1645 aut
1170 1605 1468 1645 Christianorum
1507 1621 1644 1645 nomen

263 1668 399 1713 iniis,
440 1680 536 1714 qnae
572 1671 773 1713 supersunt
812 1665 857 1701 ab
887 1665 957 1702 illo
1000 1665 1162 1712 scripta,
1208 1678 1417 1702 occurrere.
1479 1662 1643 1703 Gnaeo-

262 1737 356 1762 mus
384 1725 499 1773 igitur
524 1721 820 1761 NAzxAnzzNus
844 1717 901 1771 ¹1),
937 1720 1036 1759 htmc
1061 1723 1164 1759 enim
1189 1721 1313 1759 solum
1355 1734 1404 1759 ex
1438 1721 1644 1760 innumeris

306 1868 351 1913 a]
376 1871 470 1902 Voce
493 1865 706 1911 Ναζηραῖος.

308 1914 358 1958 b)
388 1916 425 1946 ln
463 1915 602 1946 historia
627 1914 812 1951 chronica,
844 1919 884 1944 ut
913 1919 962 1944 est
986 1912 1115 1945 Oxonii
1142 1913 1240 1944 1691.
1265 1924 1284 1944 e
1311 1910 1489 1944 codicibus
1513 1910 1643 1944 Bodle-

353 1961 440 2004 janis
466 1972 546 1991 cnm
572 1960 746 2000 interpret.
772 1966 805 1989 et
828 1965 899 1989 not.
924 1958 1102 1990 Edmnndi
1128 1957 1321 1990 Chilmeadi
1347 1956 1433 1989 edita
1460 1969 1493 2000 p.
1518 1956 1596 1988 318.

311 2004 355 2050 c)
381 2007 546 2048 Usnrpari
570 2005 619 2035 ait
638 2000 853 2035 Dodwellus
872 2003 914 2034 ‹le
941 2003 1099 2036 sortitud.
1128 2004 1244 2035 Martt.
1269 2001 1298 2044 §-
1318 2005 1350 2034 2.
1367 2015 1384 2034 a
1401 2002 1501 2034 Celso
1525 2004 1642 2034 etiam.

356 2051 425 2083 Sed
451 2052 484 2082 iu
512 2051 608 2081 libris
637 2049 779 2091 quidem
804 2049 963 2091 Origenis
986 2058 1061 2081 octo
1087 2057 1203 2081 contra
1228 2049 1369 2081 Celsum
1394 2049 1534 2079 nullum
1567 2046 1644 2090 ejus

353 2099 403 2130 rei
440 2097 622 2137 vestigium
655 2094 884 2136 deprehendo.
933 2094 1119 2126 observavi
1163 2103 1278 2126 antem
1304 2095 1338 2125 in
1375 2093 1566 2135 fragmento
1600 2104 1643 2125 ex

358 2143 509 2184 epistolis
535 2141 676 2171 Manetis
700 2153 726 2171 s.
752 2140 941 2171 Manichaei
967 2141 1001 2170 in
1030 2136 1187 2170 Fabricii
1211 2140 1302 2171 Bibl.
1327 2138 1390 2170 Gr.
1417 2140 1484 2170 vol.
1509 2139 1542 2169 7.
1567 2149 1643 2181 pag.

355 2189 434 2220 283.
466 2184 550 2217 Τῶν
574 2184 776 2216 Γαλιλαίων
809 2181 875 2217 δύο
912 2179 1039 2227 φύσεις
1062 2181 1316 2227 ὀνομαζόντων
1338 2182 1435 2227 ἔχειν
1458 2178 1523 2214 τὸν
1549 2184 1643 2227 Xon-

355 2229 443 2265 στὸν
467 2242 500 2263 κ.
527 2241 558 2263 τ.
585 2230 618 2261 λ.
665 2229 796 2262 Utrum
822 2232 866 2262 sit
889 2232 993 2272 ipsius
1017 2231 1181 2269 Manem»,
1205 2243 1247 2265 an
1271 2229 1418 2272 alicujus
1441 2228 1643 2270 Manichaei,

355 2288 388 2311 et
410 2277 452 2310 ad
477 2289 560 2319 quae
583 2284 735 2317 tempora
751 2300 760 2317 ‚
796 2288 880 2318 quos
905 2277 1084 2317 homines,
1120 2276 1342 2311 referendum
1368 2276 1433 2313 sit,
1466 2272 1540 2314 jam
1574 2286 1643 2306 non

354 2332 448 2356 vacat
473 2322 671 2364 disquirere.
723 2322 867 2353 interim
902 2333 1083 2353 manemus
1116 2322 1150 2352 iu
1180 2322 1416 2353 observatione
1443 2316 1640 2360 Dodwelln’,

356 2371 390 2401 iu
416 2369 587 2410 epistolica
610 2366 651 2398 ad
673 2363 870 2409 Moylium
893 2366 1128 2400 dissertatione
1151 2378 1226 2409 pag.
1250 2366 1329 2398 343.
1353 2366 1412 2397 ubi
1437 2366 1495 2400 ait,
1520 2373 1644 2396 aucto-

355 2426 431 2447 rem
457 2411 699 2454 Philopatridis
732 2410 861 2454 (quem
884 2410 958 2454 jam
984 2414 1079 2453 ponit
1101 2413 1274 2454 scripsisse
1294 2411 1337 2444 A.
1367 2410 1407 2443 C.
1436 2406 1544 2451 261.)
1569 2411 1643 2452 pri-

355 2472 453 2492 mum
477 2470 565 2497 esse,
589 2470 692 2500 quem
717 2459 893 2497 norimus,
941 2459 998 2499 qui
1021 2457 1259 2489 Galilaeorum
1285 2457 1548 2500 appellationem}
1584 2456 1643 2486 in·-

355 2506 532 2542 staurarit‚
569 2512 601 2534 ct
637 2499 916 2534 Christianorum
940 2505 1082 2534 nomine
1105 2504 1316 2535 abstinuerit.
1365 2502 1457 2533 Haec
1495 2500 1530 2531 in
1563 2507 1642 2532 tan-

354 2560 431 2582 tum
461 2550 694 2583 assumimus,
727 2550 763 2580 in
797 2557 962 2590 qnantum
1000 2549 1126 2580 fatetur
1159 2556 1229 2580 tam
1262 2546 1408 2588 diligens
1435 2545 1647 2586 observator,

354 2607 522 2636 nusquam
550 2595 631 2625 alias
655 2601 730 2625 ante
754 2594 935 2625 Julianum
960 2593 1198 2626 Galilaeorum
1222 2604 1349 2625 nomen
1373 2598 1580 2623 revocatum.

311 2639 359 2683 d)
390 2639 493 2675 Orat,
518 2639 589 2672 ΠΙ.
613 2650 697 2683 quae
720 2647 770 2672 est
791 2639 959 2673 invectiva
983 2637 1013 2673 Ι.
1039 2639 1075 2674 in
1099 2639 1292 2679 Julianum,
1318 2650 1352 2682 p.
1378 2637 1435 2669 81.
