1740 3095
306 140 398 183 376
635 152 1399 186 ADNOTATIONES

303 267 516 324 τριβώνιον
545 279 616 312 etc.
674 272 749 311 Ubi
777 271 960 321 Bergler.
998 271 1092 312 haec
1118 271 1290 312 Luciam·
1317 274 1534 323 conferens,
1574 267 1594 311 ὃ
1626 270 1669 311 δὲ

303 335 538 390 θαυμάσιος
561 346 703 378 mutato
731 340 864 378 ordine
893 340 1006 390 dedit,
1038 341 1243 390 (studione,
1272 355 1320 379 an
1347 342 1500 388 incuria,
1527 342 1669 389 nescio,

303 421 372 445 nec
412 408 613 456 quidquam
651 408 785 455 refert)
825 408 1023 457 additque:
1062 408 1157 447 Hoc
1196 409 1277 447 loco
1309 411 1523 458 praecipue
1559 410 1671 459 quasi

303 484 516 514 monstrare
552 473 755 514 Lucianus
790 474 964 523 videtur,
1007 490 1117 528 quem
1143 478 1314 514 imitatus
1330 477 1479 529 fuerit.
1537 476 1671 527 Siqui-

303 540 389 580 dem
416 540 654 580 Alcidamas
680 551 717 580 et
743 541 969 593 Alciplzron
994 542 1096 581 idem
1123 558 1179 581 ex
1199 552 1319 592 parte
1346 558 1482 582 nomen
1516 542 1668 581 habent.

307 609 423 663 Quod
458 612 494 648 si
528 608 599 649 Ῐιοσ
639 613 835 661 accipias,
874 620 919 649 ut
950 610 1220 649 Horatiasnum
1269 609 1373 648 illud
1409 610 1449 648 I.
1489 611 1578 648 Sat.
1609 609 1668 647 X.

303 692 342 716 v.
383 682 452 716 36.
494 676 684 728 Turgidus
723 677 892 727 Alpinus
928 679 1076 728 jugulat
1114 678 1204 715 dum
1240 676 1467 727 Memnona3
1503 675 1670 726 perinde

301 747 398 794 erit,
434 759 483 784 ac
522 747 559 783 si
592 744 761 784 dixisset
788 745 1014 795 Lucianus,
1055 744 1313 784 Admirandus
1351 746 1421 783 ifle
1460 743 1671 793 Alciphron

302 813 416 850 etiam
440 814 642 861 mejentem
671 814 710 851 in
738 815 906 852 convivio
935 813 1142 851 introduxit
1171 812 1371 863 Cynicum.
1427 811 1575 850 REI'rz.

386 879 490 928 Pag.
522 884 590 919 69.
618 880 647 917 l.
681 882 720 919 5.
754 881 831 934 Τῷ
858 879 1162 933 συμποσίῳ]
1194 880 1256 918 Ex
1283 879 1363 918 Ms.
1401 878 1480 917 Ox.
1517 886 1575 918 est
1609 878 1672 917 hic

305 947 498 985 articulus.
555 946 678 986 Deest
703 948 803 985 enim
831 949 870 985 iu
899 949 1072 986 omnibus
1100 949 1310 996 impressis.
1369 947 1530 986 SoLAN.

386 1013 475 1052 ead.
513 1013 542 1052 Ζ.
572 1018 614 1053 7.
658 1011 726 1052 Τὸ
763 1016 963 1066 μῆλον]
1011 1014 1248 1053 Βῖεσονᾶἰαε
1283 1015 1440 1052 malum.
1500 1014 1670 1053 GUYET.

302 1078 388 1118 Non
417 1081 593 1118 adderem
622 1083 751 1129 pueris
780 1089 905 1119 notam
933 1082 1028 1120 hauc
1070 1089 1221 1130 notam,
1264 1083 1336 1118 uisi
1379 1082 1502 1119 studio
1530 1082 1672 1118 mcdum

301 1162 371 1196 pro
393 1162 509 1196 pomo
537 1148 727 1186 videretur
755 1148 896 1187 dixisse
927 1149 1123 1199 (influus,
1167 1155 1210 1186 ut
1235 1148 1387 1186 luderet
1413 1149 1453 1185 in
1481 1149 1669 1198 ambiguo.

301 1212 452 1253 Rmrz.

387 1280 496 1330 Pag.
527 1285 596 1321 70.
627 1280 655 1320 l.
685 1277 947 1335 3.Ἀπόκρ.
981 1273 1073 1320 οὖν
1112 1285 1226 1332 μοι]
1271 1281 1332 1320 Ex
1372 1280 1451 1320 Ms.
1495 1280 1575 1322 ΟΧ.
1613 1289 1672 1320 est

303 1347 401 1386 illud
431 1340 526 1398 οὖν,
557 1363 782 1398 quamquam
810 1350 863 1386 ibi
891 1357 980 1398 post
1006 1364 1077 1399 μοι
1105 1351 1304 1398 reperitur.
1340 1349 1499 1388 θοι-ΑΝ.
1538 1349 1671 1399 Neque

303 1415 350 1453 ab
379 1416 448 1453 illa
473 1415 564 1454 sede
593 1416 865 1454 detrudendum
894 1423 973 1455 erat
1003 1408 1095 1466 οὖν,
1142 1418 1316 1466 quoniam
1354 1418 1408 1455 sic
1436 1419 1584 1465 saepius
1613 1418 1671 1455 di-

305 1484 414 1523 citur.
470 1482 587 1522 Recte
622 1485 735 1534 igitur
768 1483 946 1524 Reitzz‘us
980 1483 1051 1522 hac
1088 1486 1127 1522 in
1164 1498 1206 1523 re
1243 1498 1265 1522 a
1292 1484 1438 1523 Salano
1480 1485 1669 1523 dissensit.

302 1549 452 1589 me.

387 1616 476 1656 ead.
527 1617 557 1656 l.
600 1622 666 1657 12.
714 1614 1040 1666 Ἐσθίοντες,
1100 1619 1359 1664 τοςαῧτα]
1424 1617 1668 1665 Φυσιοῢσθ·ε,

306 1683 408 1733 quod
437 1683 497 1721 hic
525 1685 701 1732 impressi
727 1699 856 1722 omnes
884 1684 1021 1723 habent
1037 1713 1049 1733 ‚
1088 1699 1163 1723 non
1191 1687 1358 1735 agnoscit
1385 1684 1465 1722 Ms.
1492 1683 1571 1722 Ox.
1602 1698 1671 1722 nec

304 1750 371 1788 Fl.
399 1749 471 1789 Ed.
503 1758 540 1789 et
569 1753 719 1789 omnino
748 1752 880 1789 abesse
908 1753 988 1790 sine
1028 1754 1232 1790 sententiae
1270 1753 1494 1789 detrimento
1532 1759 1668 1799 potest.

303 1818 462 1857 Sonam.
519 1816 664 1856 Mirum
703 1825 827 1856 tamen
863 1819 963 1856 unde
999 1819 1196 1857 manifesto
1226 1820 1388 1857 alienum
1416 1820 1574 1857 verbmn
1598 1818 1671 1857 huc

302 1886 534 1935 migraverit.
592 1885 740 1924 me.

387 1951 476 1991 ead.
516 1952 544 1990 l.
589 1956 656 1993 15.
698 1948 888 1998 Αύσας
932 1948 1313 2005 ἀποῤῥίπτειν]
1357 1950 1508 1990 Absmxt
1542 1952 1604 1991 hic
1632 1962 1670 1992 et

303 2021 374 2058 ista
402 2034 425 2057 a
452 2018 532 2059 Ms.
572 2017 652 2057 Ox.
684 2016 809 2070 αὐτὴν
843 2017 946 2070 μὲν,
987 2034 1082 2069 quae
1119 2021 1158 2057 iu
1192 2021 1349 2069 reliquis
1389 2022 1561 2069 impress.
1601 2036 1668 2060 ex-

304 2094 414 2126 stant.
473 2086 632 2125 SOLAN.

388 2153 495 2202 Pag.
525 2158 595 2192 71.
629 2154 658 2191 l.
693 2158 758 2193 12.
780 2149 1241 2201 Ἀπαλλάξεσθαι]
1271 2152 1350 2192 Ms.
1383 2153 1462 2193 Ox.
1491 2152 1671 2204 Inimpr.

305 2217 633 2267 ἄπαλλάξασθαι.
690 2221 850 2260 SOLAN·

390 2288 479 2333 ead.
508 2289 536 2325 l.
571 2290 636 2331 15.
672 2285 739 2327 Τὸ
769 2285 980 2334 ἐντελὲς
1000 2309 1057 2316 —-
1076 2286 1311 2334 δεῖπνον]
1339 2287 1517 2338 Ultimus,
1540 2289 1667 2339 credo,

305 2357 444 2395 missus
482 2354 657 2403 (δεῖπνον
694 2357 788 2394 alias
826 2358 937 2394 etiam
978 2362 1122 2404 partem
1166 2369 1301 2392 coenae
1349 2369 1458 2405 esse,
1507 2357 1668 2394 ostendit

309 2423 527 2462 Gasaubon.
567 2423 614 2460 ad
650 2421 845 2462 Athenae.
874 2422 962 2472 IV,
1002 2428 1070 2461 20.
1102 2425 1216 2468 extr.)
1247 2424 1418 2461 sicciores
1461 2425 1562 2462 cibos
1600 2422 1667 2460 ha-

307 2493 423 2540 bens,
462 2497 500 2529 et
537 2504 633 2539 quos
671 2490 819 2528 auferre
855 2504 930 2528 non
967 2489 1255 2528 incommodum.
1313 2488 1421 2528 Hanc
1456 2496 1546 2538 puto
1583 2503 1666 2528 esse

309 2553 529 2606 ΙΠατ-ῐύαν,
556 2571 665 2605 quam
694 2552 960 2609 ἐπιδόρπισμα
987 2556 1150 2606 Atticis,
1180 2558 1265 2595 aliis
1285 2555 1439 2595 Graecis
1467 2554 1667 2595 ἒπίόειπνα

309 2625 442 2670 dictam
455 2653 468 2674 ,
511 2624 623 2670 tradit
649 2622 877 2670 Athenaeus
915 2625 1014 2668 libro
1050 2623 1168 2670 XIV.
1207 2631 1390 2667 extremo.
1447 2622 1558 2662 Certe
1596 2623 1667 2663 hoc
