1758 3125
296 197 694 229 rmnom‘rmms
730 197 1085 230 mssnnTATxo.
1326 185 1419 229 675

2 345 3 357 2
38 320 151 358 etiam
180 319 297 356 inulta
327 320 549 369 collegit⁸),
581 334 602 357 e
630 320 766 368 quibus
795 320 1075 369 intelligamus,
1106 317 1269 366 optabile
1297 319 1417 356 fuisso

36 390 81 414 eo
133 384 324 425 tempore,
383 391 457 425 quo
500 375 737 424 Philopatrin
774 377 953 424 scriptum
995 389 1216 423 censemus,
1274 373 1417 423 videre,

35 433 137 481 quod
186 440 288 481 optat
327 431 548 483 Triephon,
597 430 671 479 τὰς
708 429 909 485 ἐκδρομὰς
950 433 1031 471 τῶν
1071 431 1247 470 Σκυθῶν
1288 445 1416 469 παυο-

32 487 170 539 μένας.

119 544 327 584 XXXVI.
362 544 504 584 Adhuc
541 548 655 595 igitur
688 546 783 583 bene
812 545 884 584 sibi
915 551 1083 582 constant
1113 545 1261 592 omnia,
1291 551 1333 582 ut
1361 545 1417 582 se·-

1 601 3 643 }
34 603 158 640 liciter
207 616 249 640 ac
295 610 445 641 strenue
483 611 613 651 gesta,
662 616 757 650 quae
797 604 836 639 in
872 601 1131 650 Philopatride
1165 602 1416 648 celebrantur,

36 660 103 697 illa
133 661 277 707 possint
307 673 415 709 esse,
447 674 543 708 quae
572 658 745 698 Julianus
773 660 841 696 sub
872 660 1018 695 initium
1045 658 1295 706 expeditionis
1323 657 1417 695 Per-—

2 712 3 715 ¹
35 718 134 754 sicae
172 717 342 765 perfecit.
412 715 624 755 Videamus
659 716 828 764 reliqua,
869 729 915 752 an
946 717 1150 752 sententiae
1179 721 1331 752 nostrae
1359 715 1415 751 sa·

1 772 2 798 1
33 779 157 811 veant.
226 771 456 812 luducuntur
486 772 689 810 Christiani
724 773 823 810 male
862 772 985 809 affecti
1012 786 1100 821 erga
1130 770 1414 820 Imperatorem,

34 837 99 877 et,
143 837 185 867 ut
220 832 485 878 interpretatur
512 837 665 878 auctor,
703 831 824 878 ipsam
853 831 1024 877 patriam.
1085 827 1318 877 Christiani,
1357 829 1415 865 in-

34 900 161 935 quam.
229 885 362 934 Neque
398 889 498 925 enim
536 888 710 924 assentiri
744 899 900 934 possum
928 882 1217 935 Bismemb),
1257 887 1323 933 qui
1349 897 1415 922 ue-

34 950 124 992 gat,
164 945 203 980 in
242 943 372 980 ultima
413 943 554 992 dialogi
592 949 696 990 parte
732 942 779 980 de
811 940 1036 979 Christianis
1072 954 1284 979 sermonem
1314 954 1414 990 esse,

31 1013 80 1038 ne
108 998 275 1037 Baronio
315 999 518 1037 concedere
555 1006 736 1047 cogatur,
777 999 964 1046 templum
1001 999 1055 1035 ibi
1091 998 1277 1046 describi,
1320 1004 1415 1035 tem-

30 1057 166 1104 plaque
196 1056 290 1094 adeo
317 1057 435 1094 fuisse
466 1056 531 1093 din
561 1063 646 1094 aute
676 1054 984 1093 Constantinum:
1033 1054 1102 1092 sed
1130 1053 1414 1092 mathematicos

31 1113 151 1150 fuisse
190 1114 262 1161 ait,
304 1120 342 1151 et
379 1114 425 1151 ob
456 1113 495 1150 id
523 1115 647 1161 ipsum
675 1126 750 1149 11011
780 1110 1029 1150 Christianos.
1087 1109 1236 1148 Verum
1266 1111 1329 1159 qui
1359 1118 1415 1148 at-

0 1186 2 1191 *
30 1175 132 1207 tente
162 1177 199 1207 et
228 1170 366 1218 dialogi
397 1170 536 1218 verba,
566 1176 603 1206 et
632 1183 726 1217 quae
754 1182 826 1205 nos
856 1169 908 1205 ibi
937 1167 1229 1217 adscripsimus,
1263 1167 1413 1217 legerit,

0 1234 1 1237 ’
30 1227 215 1274 inveniet,
252 1228 382 1275 negari
411 1228 559 1274 potius,
601 1239 684 1263 esse
714 1226 800 1262 illos
830 1223 1135 1273 mathematicos3
1176 1225 1336 1273 illasque
1365 1223 1414 1262 de

0 1291 1 1304 ³
31 1283 145 1320 rebus
184 1284 407 1320 caelestibus
447 1284 757 1330 interrogationes
797 1283 923 1329 potius
962 1281 1009 1319 ad
1049 1281 1257 1319 ludibrium
1295 1282 1412 1329 perti-

30 1353 134 1379 nere.
194 1340 312 1378 Porro
342 1340 430 1377 dicit
459 1339 694 1388 Basnagius,
731 1337 1023 1388 Triephontem,
1066 1339 1131 1387 qui
1159 1344 1200 1375 ut
1229 1335 1413 1375 Christia-

0 1393 89 1433 ¹nis
129 1398 247 1434 sacris
286 1398 450 1434 initiatus
488 1396 743 1433 introducatur
781 1397 820 1432 in
859 1396 975 1444 priori
1013 1402 1121 1444 parte
1161 1394 1330 1444 dialogi,
1372 1395 1412 1431 in

29 1453 106 1490 fine
144 1455 267 1501 ipsum
309 1467 456 1501 quoque
497 1453 722 1490 maledicere
761 1452 840 1489 illis
879 1453 979 1490 male
1018 1465 1107 1501 erga
1140 1451 1413 1499 Imperatorem

30 1509 195 1548 affectis:
249 1509 318 1547 hos
358 1523 449 1558 ergo
487 1524 562 1547 11011
596 1509 717 1547 videri
745 1507 993 1546 Christianos.
1050 1506 1109 1547 At
1137 1506 1331 1556 Triephon
1359 1509 1412 1545 ita

30 1566 78 1604 de
118 1580 186 1604 sua
216 1568 420 1604 initiatione
456 1567 645 1615 loquitur,
683 1572 725 1603 ut
753 1567 843 1603 satis
870 1573 1072 1614 appareat,
1111 1566 1222 1602 illum
1249 1565 1413 1603 ludibrio

29 1621 169 1661 habere
211 1630 248 1661 et
285 1625 505 1673 magistrum
543 1624 653 1660 illum
684 1636 795 1661 suum
824 1629 869 1675 et⁴
890 1629 1006 1660 totam
1033 1622 1274 1671 religionem.
1332 1620 1412 1674 Qui

31 1694 121 1729 ergo
162 1681 277 1729 priori
315 1687 420 1727 parte
449 1680 571 1717 libelli
600 1679 698 1717 ridet
727 1677 985 1726 Christianos,
1029 1679 1141 1716 illum
1169 1692 1245 1716 non
1274 1679 1413 1715 mirum

31 1744 90 1775 est
115 1737 271 1775 eosdem
298 1738 336 1773 in
364 1737 571 1785 posteriore
600 1743 706 1785 parte
735 1749 909 1773 accusare
937 1741 979 1772 ut
1004 1736 1105 1773 male
1135 1736 1317 1773 animatos
1347 1734 1412 1773 ad-

30 1807 163 1833 versus
192 1793 476 1842 Imperatorem.
536 1790 737 1830 Caeterum
765 1791 806 1830 hi
834 1792 932 1830 male
958 1793 1112 1830 animati
1139 1792 1411 1840 describuntur,

30 1857 71 1888 ut
98 1849 269 1889 homines
299 1857 464 1899 ascetae,
495 1851 671 1899 jejuniis,
696 1849 838 1898 vigiliis
867 1849 1002 1898 malis',
1031 1849 1221 1897 vestibus,
1251 1855 1288 1886 et
1317 1848 1412 1885 duro

30 1909 131 1946 victu
160 1921 201 1946 se
230 1914 480 1954 macerantes,
518 1906 564 1943 de
592 1907 737 1954 magnis
767 1919 894 1942 rernm
923 1905 1226 1943 conversionibus
1253 1905 1411 1952 loqueu-

31 1971 114 2012 tes,
163 1963 325 2013 hymnos
368 1970 561 2009 canentes,
612 1962 741 2009 quales
778 1960 921 1998 Juliani
963 1963 1075 1999 aetati
1110 1961 1250 1998 multos
1291 1961 1412 1999 fuisse

33 2019 292 2070 Christianos,
333 2020 496 2067 longiori
525 2018 743 2066 probatione
772 2031 847 2054 11011
873 2017 1034 2066 indiget.
1088 2015 1291 2055 Christiani
1320 2031 1411 2066 ergo

0 2077 1 2118 ζ
32 2076 258 2113 inducuntur
282 2076 380 2113 male
410 2077 616 2113 ominantes
645 2074 893 2122 reipublicae·
923 2075 1117 2139 μεταὶὶαῇ
1120 2075 1261 2122 οὖσιν,
1292 2076 1411 2125 ajunt,

34 2128 85 2171 τὰ
115 2128 356 2183 πράγματα,
386 2130 558 2180 ταοαχαὶ
589 2145 660 2180 τιμ
691 2126 804 2168 πόὶιν
835 2125 1166 2180 καταῖήψοιται,
1204 2127 1255 2168 τὰ
1285 2144 1412 2182 στρα-

34 2185 184 2227 τόπεὸα
222 2185 371 2239 ἥττοια
410 2186 491 2225 τῶν
531 2185 718 2225 ivvmm'mv
746 2182 1097 2238 1ε1ήσοιται·θῐ
1127 2187 1230 2224 aliud
1257 2188 1413 2225 illorum

35 2246 200 2293 dictum,
241 2253 418 2292 tanquam
455 2244 568 2280 nimis
609 2244 700 2281 mali
738 2244 874 2280 ominis
915 2244 1047 2281 leticet
1086 2241 1238 2282 Critias.
1306 2242 1414 2281 Haec

36 2304 189 2339 minime
227 2302 393 2350 profecto
433 2301 654 2337 conveniunt
691 2301 730 2337 in
756 2313 800 2337 ea
830 2307 1025 2347 tempora,
1067 2301 1202 2348 quibus
1232 2313 1412 2347 oppressa

35 2358 155 2396 adhuc
193 2358 387 2407 gentilium
424 2357 661 2394 multitudine
699 2357 871 2406 gemebat
901 2357 1085 2405 ecclesia,
1137 2356 1284 2405 (quidni
1314 2358 1413 2394 enim

34 2415 147 2453 liceat
174 2413 236 2452 hic
264 2413 488 2452 transeundo
518 2415 624 2459 quasi
654 2413 892 2461 confirmare,
923 2427 1016 2460 quae
1046 2427 1158 2460 supra
1185 2405 1412 2459 dictasunt)

35 2478 122 2509 tunc
151 2472 250 2509 enim
279 2470 439 2519 gentiles
469 2469 620 2517 quidem
650 2470 878 2507 calamitates
909 2483 1058 2517 omnes,
1095 2477 1239 2517 strages
1270 2471 1422 2518 exerti-D

35 2536 167 2578 tuum,
197 2534 318 2565 terrae
347 2534 492 2574 motus,
521 2526 684 2576 samem,
720 2527 983 2575 sterilitatem,
1025 2526 1306 2575 inundationes,
1345 2541 1413 2574 1111-

82 2660 126 2706 a)
154 2661 477 2705 1bi‹1.‚.51.seq.

89 2706 136 2750 b)
164 2675 582 2741 Anna1.Ece1es.a‹lA
608 2707 647 2741 C.
673 2707 752 2740 213.
777 2719 811 2740 n·
835 2708 868 2739 3.
895 2718 929 2751 p.
953 2706 1033 2738 267.
