1768 3125
252 212 1126 257 1NDEsrn1AnEA.
1321 220 1413 262 387

41 328 136 369 Hoc
163 333 291 383 itaque
317 347 394 372 non
421 337 546 374 minus
573 335 714 376 Ionum
741 349 818 390 est,
855 356 971 393 quam
998 343 1237 388 Atticorum.
1296 349 1408 393 Cous.

42 412 76 437 c.
108 403 175 437 29.
205 400 267 437 ubi
296 415 425 439 rursus
452 404 509 441 bis
540 408 709 444 occurrit.
740 406 887 447 Rfflrz.

123 464 209 504 ead.
240 467 268 505 l.
301 472 340 506 7.
364 466 675 523 Ἀστάρτης]
707 474 806 525 Leg.
835 477 1017 527 Scaliger
1047 480 1094 518 ad
1128 480 1301 524 Varron.
1329 485 1406 528 IV.

38 531 152 582 Ling.
183 532 312 573 Latin.
342 536 496 576 Achill.
533 540 625 578 Tat.
656 543 686 580 1.
717 541 750 582 I.
787 544 1023 585 Tertullian.
1046 547 1217 600 Apolog.
1242 567 1321 603 cap.
1336 559 1403 596 24.

36 587 240 652 unicuique
269 606 383 641 etiam
404 609 632 654 provinciae
659 618 695 646 et
722 613 871 649 civitati
897 628 988 652 suus
1015 614 1127 655 Deus
1155 628 1232 668 est,
1259 631 1301 658 ut
1329 623 1406 673 Sy-

34 669 121 705 riae
148 668 345 709 Astarte-s.
375 671 570 721 Xiphilin.
631 674 796 727 Quidam
824 677 1009 719 Junonem
1044 697 1128 722 esse
1167 689 1404 742 contendunt,

34 735 99 772 alii
128 733 334 776 Venerem.
374 738 535 779 Bonan.
552 740 609 782 V.
637 741 724 782 Cas.
754 745 801 782 ad
817 745 966 786 Athen.
989 748 1105 802 VIII,
1130 756 1170 792 8.
1200 769 1287 805 pag.
1308 762 1403 798 602.

35 800 155 850 Gogn.
187 807 283 843 737.
329 804 480 845 somn.

114 869 202 908 cad.
232 871 260 909 l.
295 878 360 912 13.
397 870 443 912 'E
452 878 495 921 ς]
535 874 696 915 Minime
734 880 1015 922 auscultandum
1054 884 1207 927 lectioni
1247 889 1316 930 Fl.
1362 892 1402 939 ἔς

29 938 128 974 enim
157 937 351 978 Herodot.
383 948 420 979 et
449 941 648 991 Hippocr.
678 946 837 994 singulis
864 951 1026 999 paginis.
1083 952 1232 994 Rmrz.

111 1004 210 1053 Pag.
243 1010 309 1045 84.
340 1008 367 1046 l.
402 1011 439 1047 5.
462 1005 684 1049 Ἄδωνιν
711 1007 805 1052 ὕπὸ
843 1018 939 1056 τοῦ
977 1016 1131 1068 συὸς]
1175 1022 1270 1064 Vid,
1301 1025 1399 1066 Bio-

26 1073 88 1109 πίε
116 1085 159 1109 ea
188 1073 234 1111 de
263 1088 305 1112 re
332 1074 534 1125 Idyl-lium.
591 1077 744 1119 soum.

110 1138 199 1178 ead.
230 1140 258 1178 l.
285 1146 326 1180 7.
363 1139 696 1193 Τύπτονται]
739 1146 832 1187 Mos
857 1148 1151 1202 Aegyptiorum.
1182 1156 1277 1198 Vid.
1308 1159 1397 1200 He-

24 1204 146 1244 rodot.
180 1220 231 1244 LA
266 1207 417 1250 Cnozn.
445 1211 541 1252 Vid.
572 1216 655 1263 ejus
680 1213 839 1265 Euterp.
878 1231 911 1257 s.
942 1218 991 1260 L.
1020 1220 1075 1261 II.
1105 1238 1145 1273 p.
1187 1230 1281 1267 127.
1318 1228 1394 1270 Ed.

23 1272 156 1322 Steplz.
214 1274 360 1314 REITz.

108 1339 196 1379 ead.
226 1343 254 1380 l.
288 1348 355 1382 16.
386 1344 764 1397 Παρακέαται]
802 1350 920 1392 Alias
962 1354 1200 1408 παρακέεται
1240 1362 1279 1398 in
1316 1364 1393 1401 sin-

21 1408 159 1456 gulari.
219 1407 270 1447 Ut
301 1409 495 1450 διακέξται
526 1420 563 1452 et
589 1415 814 1467 προςκέεται
844 1420 937 1459 ibid.
970 1427 1065 1462 134.
1106 1425 1158 1464 D.
1190 1435 1228 1465 et
1262 1427 1390 1469 κέεται

20 1474 176 1513 Herod.
207 1475 260 1525 Il,
295 1482 387 1516 170.
417 1480 447 1518 f.
504 1479 554 1518 Et
582 1481 655 1521 hic.
687 1499 720 1522 c.
748 1490 789 1524 7.
822 1483 1044 1528 ἀπικνέεται
1074 1493 1134 1531 bis
1154 1502 1269 1545 recte,
1300 1498 1390 1536 item

21 1555 100 1591 cap.
135 1548 200 1582 10.
249 1552 320 1584 etc.
351 1553 388 1583 et
418 1560 497 1595 cap.
530 1553 598 1587 29.
641 1548 846 1592 ἐπικέεται.
905 1554 985 1594 Sed
1025 1560 1111 1607 quia
1153 1562 1388 1603 collectivum

20 1604 144 1662 ἀγορὴ
170 1618 272 1649 recte
301 1613 457 1651 verbum
484 1616 633 1664 plurale
662 1619 859 1669 adsciscit,
889 1631 1018 1671 posset
1045 1623 1175 1665 haberi
1202 1643 1271 1677 pro
1300 1633 1388 1679 plu-

16 1677 114 1726 rah',
155 1677 201 1716 de
240 1693 314 1727 qua
352 1683 611 1723 terminatione
649 1686 808 1738 deinde3
859 1696 897 1727 at
939 1705 1024 1729 cum
1061 1700 1099 1731 et
1132 1709 1223 1733 mox
1271 1711 1303 1736 c.
1345 1704 1385 1737 8.

18 1741 171 1794 οὕνομα
200 1744 426 1796 ἐπικέαται,
458 1758 495 1787 et
524 1765 606 1800 cap.
638 1758 705 1791 27.
738 1751 952 1796 ἀνακέαται
984 1759 1113 1812 αἰτίη,
1142 1770 1179 1800 et
1208 1778 1289 1813 cap.
1315 1770 1384 1805 34.

16 1809 152 1849 κέαται
182 1809 345 1865 θρόνος,
377 1824 414 1854 et
442 1818 549 1869 alibi,
584 1835 679 1869 quae
708 1822 842 1862 deinde
869 1825 1039 1877 videbis,
1068 1831 1123 1867 nil
1150 1834 1382 1872 mutandum.

14 1876 160 1917 Rmrrz.
220 1879 293 1920 Per
319 1896 360 1920 se
387 1885 540 1932 quidem
577 1885 712 1926 κέαται
750 1904 819 1938 pro
857 1897 980 1931 κεῖται
1018 1897 1057 1933 in
1092 1899 1273 1946 singulari
1309 1914 1383 1938 nu-

14 1959 118 1984 mero
147 1947 288 1987 dictum
315 1964 384 1988 nec
411 1952 580 2004 legibus,
610 1969 678 1993 nec
707 1958 916 2009 exemplis,
945 1963 1084 2000 veteris
1112 1963 1268 2003 Ionismi
1296 1981 1383 2014 pro-

13 2013 94 2051 bari
126 2021 262 2063 potest.
321 2016 575 2059 Nihilominus
612 2024 790 2073 religioni
831 2026 1011 2066 ducebam
1050 2028 1145 2069 hanc
1186 2035 1382 2073 erraticam

14 2093 82 2118 seu
119 2083 230 2119 malis
279 2086 447 2131 spuriam
493 2090 648 2127 serioris
702 2089 856 2130 Ionismi
909 2098 1130 2145 progeniem
1182 2103 1382 2141 emendare

12 2148 126 2186 velle.
188 2148 344 2189 Cautius
371 2152 410 2188 in
451 2151 547 2192 hanc
573 2157 694 2204 ipsam
720 2161 942 2199 sententiam
979 2164 1122 2212 judicat
1148 2165 1378 2208 Buttmann.

13 2213 82 2253 Gr.
113 2218 203 2265 maj.
233 2215 344 2255 Tom.
383 2218 412 2256 l.
452 2234 491 2268 p.
533 2224 628 2261 566.
659 2239 770 2273 quam
804 2227 985 2268 Sit-uvius
1025 2233 1088 2280 qui
1128 2235 1168 2270 in
1208 2234 1377 2276 Gramm.

12 2280 81 2320 Gr.
112 2298 150 2332 p.
182 2288 275 2322 256.
305 2283 377 2323 hoe
405 2283 541 2326 κέαται
570 2305 640 2338 per
680 2299 800 2331 tonun
837 2294 936 2334 hunc
970 2298 1164 2351 libellum,
1208 2303 1272 2340 ubi
1309 2319 1377 2352 pro

0 2353 129 2388 ,κεῖται
157 2351 294 2389 dictum
323 2353 395 2401 sit,
425 2355 464 2390 in
493 2354 629 2396 κέεται,
646 2361 862 2400 mutandmn
894 2373 1034 2403 censet.
1091 2366 1234 2408 LEuM.

91 2417 180 2455 ead.
210 2418 238 2456 l.
272 2423 337 2457 17.
365 2418 639 2472 Γίγνεται]
681 2425 809 2477 Magis
837 2429 1103 2472 Herodoteum
1142 2444 1244 2475 esset
1274 2437 1375 2490 γίνε-

0 2473 88 2525 ἶται.
149 2482 216 2523 Sic
257 2481 475 2539 γινώσκειν,
512 2504 586 2528 non
624 2490 873 2548 γιγνώσκειν,
926 2513 988 2548 ap.
1023 2500 1209 2551 Hippocr.
1251 2503 1285 2542 Ῑ.
1328 2507 1375 2545 de

9 2552 126 2589 morb.
156 2567 195 2601 p.
226 2555 266 2591 5.
297 2553 364 2592 fin.
395 2557 492 2593 iutra
520 2557 715 2598 duodecim
743 2576 874 2602 versus
901 2565 1008 2617 legas
1038 2568 1167 2608 octies.
1225 2570 1374 2612 Rmrz.

90 2617 192 2667 Pag.
225 2623 293 2659 85.
322 2622 350 2659 l.
384 2628 422 2661 2.
454 2623 682 2678 Κεφαλὴ
710 2625 952 2671 ἑκάστου
981 2631 1147 2683 ἔτεος]
1177 2636 1225 2675 Id
1249 2640 1373 2687 ipsum

10 2697 156 2734 quoque
181 2686 291 2726 docet
320 2690 492 2742 Gyrillus
515 2692 582 2731 lib.
611 2692 665 2733 Π.
697 2694 809 2736 Tom.
837 2696 890 2738 Π.
919 2701 960 2738 in
988 2700 1169 2754 Esaiam,
1199 2711 1237 2743 et
1268 2705 1373 2746 Pro-

931 2766 969 2806 B
999 2769 1023 2807 b
1061 2772 1085 2809 2
