1740 3095
318 144 413 188 378
659 154 1425 188 AD'NOTAT10NES

400 276 507 327 Pag.
537 280 606 316 72.
634 276 662 314 l.
695 280 734 315 3.
762 274 861 314 Καὶ
890 272 951 315 τὰ
985 271 1106 328 παρ’
1147 271 1312 330 αὐτῷ]
1345 275 1456 330 Quae
1498 277 1605 326 juxta
1641 289 1684 314 se

314 351 434 383 erant.
494 344 662 383 GUYET.

399 410 487 450 ead.
525 411 554 456 2.,
586 415 653 450 16.
690 406 778 460 ΖΙἸὴ
824 409 1037 449 δεῖσθαι
1076 405 1283 463 γάμων]
1319 407 1525 464 Ἀκαιριάς
1570 409 1685 459 hujus

314 480 485 517 meminit
512 479 552 515 iu
581 476 699 516 Char.
735 476 991 526 Theophrast.
1021 493 1060 527 p.
1094 482 1159 517 39.
1188 477 1239 516 Β.
1298 478 1457 518 SoLAN.

397 545 500 594 Pag.
535 550 603 584 73.
633 545 662 583 l.
692 547 732 584 4.
757 542 803 583 'E
812 544 963 584 κείνω
977 548 1021 591 ν]
1060 544 1274 594 Depravata
1309 544 1411 584 hand
1446 546 1560 583 dubie
1593 558 1685 594 vox,

314 619 352 650 et
379 612 489 650 nihili
525 626 695 661 prorsus.
751 611 860 663 Lege
890 611 1033 666 ἐχρῆν,
1063 613 1126 651 vel
1156 607 1328 652 πάντων.
1386 613 1545 653 SoLAN.
1602 611 1685 650 De-

313 687 509 728 pravatam
534 693 618 718 esse
642 694 773 718 vocem
802 679 982 730 ἐκείνων,
1011 681 1124 719 facile
1152 687 1212 719 est
1238 681 1456 731 intellectu3
1493 680 1685 718 difficilius

314 748 443 797 dictu,
487 761 582 796 quae
620 748 742 786 subsit
778 762 866 787 vera
905 749 1034 786 lectio.
1091 746 1274 786 Jacobse'o
1302 748 1454 797 quidem
1487 747 1685 785 videbatur

314 815 574 864 corrigendum
612 811 712 864 ἔδει,
752 817 904 865 plenius
935 813 1155 854 Fritzsclzio
1200 814 1357 867 Quaest.
1398 829 1439 864 p.
1472 819 1566 853 170.
1606 809 1686 856 ἔδει,

312 876 440 932 ἡμῶν.
501 880 581 920 Sed
608 882 805 932 Seagerus
831 883 942 921 Diar.
974 882 1101 922 class.
1144 880 1240 920 Vol.
1269 882 1392 921 XIX.
1432 897 1471 932 p.
1512 886 1581 921 30.
1624 895 1683 930 sq.

314 947 470 995 ἐκείνως
504 951 704 1000 proponit,
744 952 1012 999 interpretans:
1057 953 1132 988 isto
1168 952 1272 997 ritu,
1314 953 1371 987 ita
1405 959 1448 987 ut
1479 951 1684 998 praecepit

311 1015 447 1055 Plato.
506 1016 619 1068 Quod
647 1025 688 1055 ut
724 1020 889 1066 jejunam
926 1018 1049 1055 reddit
1086 1019 1330 1067 sententiam,
1372 1018 1424 1055 ita
1464 1018 1576 1055 etiam
1613 1029 1683 1064 per

312 1097 354 1121 se
383 1090 440 1121 est
468 1083 669 1121 admodum
696 1086 955 1132 improbabile.
1013 1085 1162 1123 LEHM.

395 1149 484 1188 ead.
514 1151 543 1188 l.
573 1156 638 1189 12.
658 1142 748 1188 3Hv
775 1148 879 1204 γὰρ
909 1151 1076 1189 ταῦτα
1105 1172 1162 1179 —-
1186 1147 1249 1188 τὰ
1278 1148 1506 1201 ἐλεγεῖα]
1537 1149 1678 1198 Bergl.

311 1217 358 1255 ad
386 1215 575 1266 Alciplzr.
603 1216 677 1256 III.
707 1232 746 1266 p.
777 1221 872 1256 410.
902 1217 996 1255 hacc
1023 1219 1074 1255 ait
1102 1218 1264 1256 ridiculo
1301 1218 1413 1256 modo
1441 1231 1490 1256 ex
1519 1217 1680 1256 diversis

310 1287 455 1334 poetis,
484 1284 676 1331 Pindaro,
706 1284 898 1334 Hesiodo,
927 1292 964 1323 et
980 1285 1233 1324 Anacreonte
1254 1286 1517 1323 consarcinata.
1555 1284 1680 1333 Bene,

311 1360 487 1401 quantum
513 1353 560 1390 ad
594 1354 813 1402 materiam3
854 1354 922 1391 sed
960 1353 1009 1391 ad
1046 1360 1207 1391 metrum
1243 1359 1367 1390 tamen
1402 1352 1550 1390 redacta
1586 1351 1678 1390 Ele-

310 1422 478 1470 giacum,
509 1427 550 1458 ut
577 1419 746 1459 Lucian.
775 1421 993 1470 profitetur:
1035 1434 1150 1470 quare
1178 1420 1226 1459 ad
1254 1420 1293 1458 id
1318 1419 1528 1458 emendatio
1567 1420 1678 1457 insti-

311 1488 461 1532 tuenda,
520 1487 673 1526 Rm‘rz.

395 1554 483 1593 ead.
512 1556 541 1593 Ζ.
575 1559 639 1594 14.
666 1550 722 1592 ‘H
747 1551 828 1605 οἷή
859 1549 998 1601 πότ’]
1029 1553 1200 1592 Monitus
1228 1557 1304 1603 jam
1331 1555 1376 1592 ab
1405 1556 1487 1603 ipso
1506 1552 1680 1592 Luciano

311 1623 358 1660 de
387 1622 500 1669 hujus
530 1624 702 1660 carminis
732 1622 981 1672 absurditate,
1008 1636 1135 1660 curam
1161 1621 1507 1670 solicitudinemque
1530 1635 1679 1659 omnem

310 1690 511 1738 deponito,
542 1691 575 1726 si
604 1691 726 1737 sapis:
756 1690 795 1726 id
823 1704 938 1726 unum
968 1704 1038 1738 ego
1067 1690 1252 1738 monebo,
1292 1684 1317 1738 ἢ
1349 1685 1412 1739 οἴη
1442 1689 1679 1727 scribendum

309 1770 417 1805 esse,
465 1756 511 1793 ad
549 1756 647 1804 quod
687 1758 860 1804 proxime
898 1757 1041 1794 accedit
1075 1756 1144 1794 Fl.
1188 1752 1303 1806 ἦοίη·
1356 1756 1471 1803 idque
1507 1755 1679 1793 Hesiodi

309 1825 516 1862 imitatione
544 1824 707 1872 factum,
734 1825 797 1872 qui
827 1837 973 1861 carmen
1002 1825 1093 1861 satis
1122 1823 1312 1871 prolixlun
1335 1824 1550 1871 scripserat,
1577 1823 1677 1871 quod

310 1888 425 1942 ἦθιάς
455 1897 492 1927 et
518 1887 655 1935 Ἠοίας
681 1886 858 1941 μεγάλας
886 1892 1088 1940 vocabant3
1129 1892 1234 1937 cujus
1272 1891 1384 1927 etiam
1408 1890 1552 1937 aliquot
1574 1891 1677 1939 frag-

311 1965 434 1996 menta
473 1959 513 1994 in
545 1958 768 1996 Grctew'mm
795 1957 955 1996 Hesiodi
998 1958 1161 1996 editione
1190 1963 1350 1995 exstant.
1380 1956 1537 2005 SoLaN.
1576 1955 1676 1995 Mali

311 2028 443 2073 poetae
472 2027 658 2073 pessimos
697 2027 905 2063 versiculos
941 2027 1053 2063 nimis
1087 2025 1183 2061 bona
1220 2025 1521 2072 interpretatione
1560 2023 1676 2061 dona-

310 2100 417 2131 verat
452 2092 654 2133 Erasmus.
714 2092 839 2145 Quam
878 2092 939 2130 hic
974 2092 1130 2138 damus,
1185 2092 1382 2129 meliorem
1419 2098 1592 2139 putamus
1630 2104 1675 2130 ea

311 2163 394 2209 ipsa
424 2173 575 2208 caussa,
617 2161 715 2208 quod
754 2161 850 2198 mala
892 2167 972 2208 est,
1013 2159 1147 2197 iisdem
1183 2172 1319 2207 nempe
1355 2160 1457 2197 vitiis
1484 2160 1675 2207 inquinata

312 2229 416 2276 sere,
448 2241 543 2276 quae
572 2227 770 2265 ridiculum
797 2227 980 2266 faciebant
1008 2228 1132 2275 ipsum
1159 2226 1321 2264 auctoris
1350 2240 1510 2264 carmen.
1542 2226 1673 2266 GESN·

302 2291 362 2334 ”H
389 2292 451 2344 οἵη
493 2289 591 2332 πότ’
633 2289 708 2347 ἄρ’
742 2290 810 2346 ἥγ’
842 2293 883 2333 ἐν
912 2291 1202 2346 Ἀρισταινέτου
1236 2289 1496 2345 μεγάροισιν.]
1553 2291 1621 2331 Au
1648 2288 1674 2344 ἢ

314 2359 378 2413 οἴη
407 2362 504 2400 dixit
534 2361 703 2400 alludens
733 2362 779 2399 ad
807 2358 922 2412 ἦοίας
949 2360 1138 2414 Hesiodi?
1164 2361 1244 2399 vid.
1276 2359 1447 2399 Gasnub.
1489 2360 1672 2410 Guyems.

312 2428 418 2468 Nihil
449 2430 642 2478 obloquor.
701 2426 778 2467 Sed
807 2429 907 2478 quod
932 2429 1136 2477 praemittit
1174 2425 1258 2479 οἵη,
1294 2429 1400 2476 quasi
1435 2429 1490 2465 sic
1527 2428 1674 2476 legere-

312 2503 373 2535 tur
401 2498 440 2534 in
467 2495 566 2534 Edd.
593 2495 772 2545 Luciani,
809 2497 934 2534 nescio
972 2495 1071 2533 unde
1107 2494 1261 2544 habeat,
1302 2508 1385 2532 cum
1420 2495 1511 2532 illae
1548 2500 1672 2530 tamen

316 2560 379 2613 οῗί]
412 2564 612 2612 laevigent.
672 2561 751 2601 Sed
787 2563 873 2601 vide
901 2570 980 2601 not.
1021 2570 1193 2612 sequent.
1227 2562 1381 2601 Rssrrz.
1436 2560 1481 2599 In
1511 2562 1672 2599 carmine

314 2631 408 2670 adeo
446 2630 608 2682 insipido
645 2630 890 2670 exscribendo
925 2643 1059 2681 sapere
1098 2643 1188 2670 sane
1224 2629 1377 2679 quidem
1414 2635 1472 2667 est
1510 2629 1676 2684 insipere
