1740 3095
251 161 348 208 678
632 175 705 212 DE
743 175 957 214 AETATE
992 177 1063 211 ET
1097 177 1340 212 Ancwomz

252 294 484 336 dictitabant
511 293 572 335 Ῑιίε
594 298 878 348 praesentibus,
907 314 1001 351 quos
1029 298 1167 338 audita
1194 302 1351 354 referre
1379 299 1437 340 ad
1456 295 1635 351 Impera-

253 351 373 393 tareni
405 368 520 403 posse
556 353 765 403 rebantur,
808 371 917 408 enum,
957 359 1001 394 m‘
1035 356 1206 395 sedatius
1235 367 1391 407 ageret,
1431 358 1636 403 immodica

253 425 386 450 rerum
421 409 677 450 secundarum
713 415 999 462 prosperitate,
1037 414 1139 452 velut
1177 414 1427 453 luxuriantes
1464 414 1638 454 ‘ubertate

254 470 378 507 nimia
404 468 579 522 fruges,
621 466 730 507 honis
766 473 846 508 suis
870 473 1053 518 protinus
1078 485 1316 511 occasurum.
1375 471 1484 522 Quos
1512 471 1639 510 obtre-

255 534 422 564 oratores
476 523 627 562 desides
684 535 719 563 et
775 527 966 575 malignos
1016 526 1258 567 AMMIANUS
1315 529 1468 578 gentilis
1524 528 1638 566 homo

255 588 378 630 vocat,
409 579 643 619 Christianos
674 596 759 620 eum
782 584 1010 633 intellig-ere,
1042 583 1254 623 VALEsms
1277 586 1450 623 observat
1471 585 1518 623 ad
1540 584 1640 623 hunc

256 639 407 686 locum,
463 645 501 676 et
539 639 700 677 conferri
734 640 934 678 secundam
974 640 1246 680 Numnam
1284 641 1536 691 Philippicam
1579 643 1641 691 ju-

257 695 345 744 bet,
387 696 432 732 in
460 708 535 744 qua
563 695 710 734 diversa
737 697 888 746 verbis,
924 711 967 735 re
993 697 1180 736 habentur
1208 698 1353 737 eadem.
1410 697 1518 736 Idem
1544 696 1641 736 ΑΜ·

257 764 424 790 Munus
470 755 546 801 23,
601 757 640 790 1.
684 760 722 791 et
762 759 801 794 5.
842 755 947 791 varia
989 762 1160 803 portenta
1200 762 1311 804 atque
1351 756 1472 793 omina
1510 755 1642 803 refert,

257 821 356 856 quae
397 822 419 846 a
457 808 560 847 bello
589 807 784 848 Julianum
823 811 1001 850 adversus
1032 812 1170 850 Persas
1210 813 1372 850 ret'mere
1410 812 1641 850 debuissent.

260 862 358 902 Cum
392 878 483 903 vero
522 865 656 904 eadem
685 869 893 916 spreverit,
931 870 995 916 qui
1024 875 1147 906 tamen
1177 868 1269 906 alias
1298 869 1643 917 superstitionibus,

259 923 474 972 vaticiniis,
517 924 676 961 oraculis
712 931 750 962 et
788 925 975 970 ejusmodi
1008 927 1121 974 nugis
1150 925 1198 962 ad
1226 932 1417 973 stuporem
1448 932 1549 963 esset
1578 925 1656 962 dem

259 977 360 1016 ditus
378 981 432 1026 a),
461 978 610 1017 videtur
638 979 737 1017 haud
768 981 941 1019 absimile
969 995 1087 1030 vero,
1118 983 1345 1032 suspicatum
1374 982 1508 1030 fuisse,
1537 979 1646 1019 Gali·

258 1033 451 1082 laeonun,
491 1042 533 1074 ut
571 1038 653 1084 ipse
684 1036 920 1076 Christianos
955 1039 1136 1088 vocabat,
1176 1038 1309 1076 fraude
1345 1052 1390 1076 ea
1428 1039 1499 1075 sibi
1537 1038 1646 1087 quasi

260 1092 737 1142 terriculamentaobjici,
777 1107 825 1130 ne
852 1095 973 1132 victor
1001 1107 1176 1132 reversus
1202 1096 1355 1143 gravius
1384 1095 1537 1131 illorum
1566 1107 1647 1132 cer-

260 1148 405 1186 vicibus
434 1149 679 1188 incumberet.
739 1149 874 1201 Quid?
904 1150 1005 1199 quod
1033 1150 1251 1189 Lummus
1283 1149 1518 1188 Christianos
1548 1150 1647 1188 insi-

261 1204 409 1241 diarum
447 1206 486 1242 in
514 1204 656 1244 Juliani
686 1213 796 1254 caput
824 1214 1076 1256 structarum,
1123 1213 1204 1244 tum
1232 1207 1357 1245 caedis
1385 1209 1497 1245 etiam
1527 1208 1646 1255 ipsius

261 1261 467 1299 insimulat.
527 1261 613 1313 Qua
651 1264 690 1300 in
731 1276 773 1301 re
812 1264 948 1312 ecquid
988 1266 1069 1302 veri
1097 1265 1212 1313 insit,
1254 1267 1431 1311 jamnon
1461 1264 1645 1312 disquiro,

260 1331 384 1366 neque
422 1319 537 1356 etiam
573 1320 796 1367 simpliciter
832 1334 920 1359 vera
964 1334 1070 1370 esse,
1114 1334 1209 1370 quae
1244 1322 1283 1357 in
1312 1319 1571 1368 Philopatride
1600 1318 1648 1356 de

261 1376 310 1411 iis
353 1374 553 1426 dicuntur,
605 1376 853 1414 crediderim:
906 1377 968 1415 hic
1006 1377 1141 1427 modo,
1193 1391 1288 1427 quae
1326 1378 1440 1415 suerit
1479 1384 1558 1414 tum
1599 1375 1648 1414 de

262 1429 487 1469 Christianis
525 1433 623 1471 inter
660 1432 834 1472 Gentiles
875 1436 1129 1485 existimatio,
1167 1435 1373 1483 quaeritur.
1431 1433 1648 1472 mews

262 1489 402 1537 igitur,
443 1486 577 1539 cumb)
619 1492 873 1538 conspiratum
913 1505 1029 1540 saepe
1069 1494 1108 1529 in
1146 1498 1257 1539 caput
1291 1490 1434 1529 ,Iuliani
1474 1490 1649 1538 dixisset,

263 1546 608 1595 quaesivissetque,
639 1547 730 1595 quid
756 1561 911 1587 caussae
941 1550 1134 1596 subesset,
1167 1547 1268 1597 quod
1296 1549 1517 1585 mitissimus
1545 1547 1650 1594 prin-

265 1614 353 1649 ceps
381 1601 533 1640 insidiis
563 1603 764 1652 aliquoties
795 1612 896 1643 esset
925 1607 1087 1655 petitus,
1122 1602 1197 1655 ἐγώ
1228 1601 1298 1653 δὲ,
1338 1605 1513 1652 subjicit,
1553 1597 1650 1644 τοὺ-

265 1670 338 1695 του
379 1654 453 1708 τὴν
498 1657 629 1696 αἷτιάν
667 1658 708 1698 ἐν
746 1661 796 1712 τῇ
833 1657 975 1713 μνήμῃ
1012 1663 1085 1712 τῆς
1117 1658 1319 1711 ὀδυνηρᾶς
1349 1659 1436 1710 ἐμοὶ
1466 1659 1650 1708 τελευτῆς

266 1708 426 1765 φράσω.
503 1714 656 1755 Deinde
703 1729 788 1754 cum
835 1718 883 1755 ad
930 1719 1040 1756 illum
1085 1719 1210 1756 locum
1259 1725 1479 1766 perventum
1530 1722 1589 1754 est
1600 1717 1652 1764 c),

265 1771 413 1820 primo,
466 1784 487 1808 a
530 1784 685 1809 suorum
735 1773 863 1820 aliquo
911 1775 1148 1812 interfectum
1197 1787 1306 1823 esse,
1352 1775 1500 1823 arguit,
1549 1771 1652 1821 quod

265 1840 377 1864 nemo
422 1827 521 1865 inter
556 1828 695 1867 Persas
743 1829 882 1879 suerit,
931 1832 996 1879 qui
1049 1832 1278 1879 promissum
1325 1831 1522 1878 praeconis
1558 1841 1652 1867 voce

265 1884 476 1932 praemium
510 1884 592 1932 illi,
629 1885 694 1932 qui
722 1890 865 1923 tantum
893 1887 1038 1924 facinus
1067 1900 1180 1925 ausus
1207 1893 1331 1935 esset,
1361 1886 1551 1925 vindicare
1580 1884 1652 1922 sibi

265 1940 455 1978 volueritx
516 1946 595 1977 tum
655 1943 812 1989 propius
857 1950 1028 1981 auctores
1077 1943 1204 1981 caedis
1255 1943 1427 1992 designat
1439 1939 1502 1991 d),
1572 1938 1654 1993 (ad-

268 1996 429 2036 scribam
468 1997 569 2034 enim
606 1998 744 2046 verba,
796 2000 830 2038 si
868 2000 965 2038 sorte
1005 2001 1304 2049 interpunctione
1343 1998 1538 2038 commoda
1577 1997 1654 2035 ola-

267 2055 370 2091 riora
395 2055 563 2102 possim,
593 2068 705 2102 quam
733 2057 897 2103 primum
926 2059 1086 2095 intuenti
1115 2057 1312 2106 videntur,
1343 2056 1503 2094 reddere
1517 2055 1551 2105 ,)
1595 2047 1655 2099 οἷς

268 2105 346 2162 γὰρ
388 2106 459 2147 οὐκ
490 2108 701 2149 ἐλυσιτέλει
733 2110 833 2163 ζ(ῦν,·
873 2104 1002 2164 (οὗτοι
1033 2112 1077 2151 δὲ
1105 2105 1209 2164 ἦσαν
1237 2110 1273 2151 οἱ
1303 2111 1444 2160 ζῶντες
1474 2108 1520 2150 οὗ
1551 2106 1654 2149 κατὰ

268 2163 365 2212 τοὺς
402 2162 582 2216 νόμους)
622 2163 748 2206 πάλαι
786 2183 827 2208 τε
868 2165 1152 2219 ἐπεβούλευον,
1197 2168 1263 2208 καὶ
1293 2165 1380 2208 τότε
1412 2165 1655 2218 δυνηθέντες

270 2218 521 2274 εἰργάσαντο.
590 2224 663 2273 τῆς
702 2238 743 2262 τε
786 2221 912 2276 ἄλλης
948 2224 1106 2272 ἀδικίας
1147 2222 1295 2272 αὐτοὺς
1335 2221 1654 2277 ἀναγκαζούσης,

271 2276 345 2320 οὐκ
385 2274 554 2331 ἐχούσης
584 2277 646 2319 ἐπὶ
675 2281 747 2331 τῆς
777 2280 924 2324 ἐκείνου
952 2281 1162 2332 βασιλείας
1187 2281 1371 2330 ἐξουσίαν
1381 2313 1393 2332 ,
1437 2281 1503 2320 καὶ
1530 2277 1654 2333 ,adta-
1706 2328 1711 2329 ⁷

314 2409 360 2456 a)
383 2412 466 2448 vid.
490 2410 615 2447 Ezech.
644 2412 782 2457 Spanh.
816 2419 849 2451 in
877 2417 1111 2455 Praefatione,
1132 2430 1246 2461 -quam
1281 2418 1440 2461 operibus
1473 2415 1655 2460 Apostatae

361 2470 379 2490 a
414 2470 449 2490 se
483 2459 583 2492 editis
607 2468 639 2492 et
662 2472 703 2493 ex
727 2471 819 2504 parte
845 2465 1023 2496 illustratis
1045 2466 1243 2508 praemisit,
1279 2465 1347 2495 scre
1372 2465 1460 2495 circa
1486 2462 1654 2501 medium,

362 2504 424 2536 ubi
460 2504 631 2537 luculenta
667 2515 743 2539 tum
767 2509 898 2543 Juliani
933 2511 1059 2555 ipsius,
1096 2518 1174 2545 tum
1205 2510 1356 2544 aliorum
1390 2511 1427 2543 in
1463 2508 1550 2543 hanc
1579 2518 1656 2542 rem

363 2550 560 2581 testimonia
584 2551 727 2593 profert.

315 2591 366 2636 b)
395 2594 459 2626 ΟΥ.
483 2593 528 2626 X·
553 2607 586 2638 p-
611 2597 691 2630 3⁰⁷0

316 2637 364 2679 c)
389 2638 471 2682 Pag.
495 2641 575 2672 323.
599 2653 671 2687 seq·

321 2681 370 2727 d)
393 2684 473 2728 Pag.
494 2684 575 2719 324.
