1740 3095
291 151 385 195 676
683 163 757 203 ΒΕ
793 161 1001 194 AETATE
1036 161 1106 192 ET
1142 160 1375 194 Auc’rom:

292 284 390 323 blica
429 285 555 321 omnia
593 283 692 321 mala
724 280 946 321 Christianis
981 283 1233 331 imputabantt
1286 281 1421 320 horum
1461 297 1552 322 vero
1591 291 1671 324 erat

296 340 519 388 ostendere,
568 339 667 377 nihil
715 347 794 377 tum
837 339 1030 388 accidere,
1076 339 1177 388 quod
1217 353 1292 377 non
1330 340 1421 377 olim
1461 341 1670 390 accidisset,

295 400 385 446 quin
418 411 606 445 nunquam
635 397 754 434 fuisse
782 397 932 434 felicius
959 395 1170 434 Romaniun
1199 397 1423 445 imperium,
1463 411 1574 446 quam
1603 412 1672 437 ex-

296 462 379 493 orta
415 462 452 492 et
488 454 740 491 invalescente
774 451 985 491 Christiana
1023 453 1220 502 religione.
1289 452 1351 490 De
1381 451 1672 502 Imperatoribus

294 519 446 558 autem,
487 512 551 559 qui
580 519 659 548 tum
688 512 883 558 viverent,
926 524 998 547 non
1028 511 1100 547 nisi
1129 511 1293 547 maxima
1321 524 1406 547 cum
1434 513 1674 550 veneratione

295 576 332 606 et
369 569 502 605 faustis
541 568 727 604 ominibus
755 567 1027 615 loquebantur:
1080 575 1224 604 tantum
1254 567 1407 616 aberat,
1442 575 1483 605 ut
1512 575 1576 605 aut
1602 569 1674 605 im-

293 626 390 674 perii
427 626 694 671 mutationem,
746 631 809 661 aut
846 625 1080 661 exercituum
1120 623 1270 672 clades,
1321 631 1385 661 aut
1423 626 1547 662 simile
1585 624 1674 673 quid

295 682 472 719 auderent
507 681 737 729 praedicere.
796 679 927 728 Atque
957 680 1003 718 de
1031 680 1091 718 his
1119 694 1230 718 nemo
1260 680 1463 729 dubitabit,
1506 683 1582 719 nisi
1610 682 1675 729 qui

294 739 335 775 in
376 740 615 786 antiquorum
644 737 839 775 Ecclesiae
863 737 1072 775 Doctorum
1108 738 1286 786 scriptis,
1327 738 1571 787 apologeticis
1603 739 1676 775 im-

294 796 448 844 primis,
481 796 591 843 plane
621 796 669 832 sit
695 794 848 842 hospes.
908 793 1113 842 Speciatim
1142 792 1280 832 Severi
1309 802 1451 843 aetate,
1482 809 1555 843 qua
1583 795 1676 834 scri-

295 859 402 900 ptum
444 858 568 889 tamen
601 852 683 889 vult
722 850 956 899 Philopatrin
995 850 1048 888 H.
1086 849 1379 900 Donwunus,
1427 853 1478 889 ita
1516 864 1558 890 se
1594 865 1677 890 rem

295 907 497 956 habuisse,
541 923 562 947 e
601 907 896 947 TERTULLIANI
924 906 1179 956 Apologetico
1217 909 1310 945 satis
1348 915 1502 946 constat.
1562 907 1677 959 Quod

296 972 421 1003 autem
457 967 514 1013 is,
556 979 668 1013 quem
704 964 817 1002 modo
854 964 1031 1012 laudavi,
1069 963 1336 1002 DonwELLUS
1367 965 1464 1002 mala
1495 963 1678 1002 Christia-

294 1035 443 1070 norum,
470 1023 600 1058 muudi
627 1021 741 1059 finem
770 1022 810 1058 in
840 1021 920 1058 dies
952 1022 1271 1068 exspectantium,
1303 1020 1349 1058 de
1378 1022 1571 1069 republica
1598 1020 1679 1058 Ro-

295 1091 404 1116 mana
445 1080 624 1127 auguria,
666 1079 898 1115 occasionem
927 1079 1178 1125 persecutioni
1204 1077 1354 1114 dedisse
1384 1086 1576 1126 autumat,
1616 1079 1678 1115 cui

295 1135 526 1184 praeluserit
563 1133 633 1172 hac
670 1133 863 1187 κωμῳδίᾳ
894 1133 1110 1180 Lucianus,
1162 1135 1201 1170 in
1230 1146 1275 1170 eo
1304 1135 1400 1170 ratio
1429 1135 1525 1184 sugit
1553 1136 1678 1172 virum

297 1191 572 1229 doctissimum.
643 1188 789 1228 Saltem
841 1192 879 1228 in
923 1191 1019 1228 locis
1058 1191 1104 1228 ab
1144 1191 1227 1238 ipso
1273 1190 1443 1228 adductis
1483 1190 1578 1228 nihil
1621 1196 1679 1228 est

296 1247 487 1296 praesidii.
548 1246 756 1286 Eustnms
799 1249 899 1286 enim
913 1251 945 1293 ³)
987 1253 1025 1285 et
1060 1245 1346 1288 Hlsnontmns
1361 1244 1427 1296 b),
1469 1249 1533 1296 qui
1566 1248 1680 1284 illum

295 1306 377 1342 sere
425 1304 474 1342 ad
521 1305 680 1344 verbum
718 1305 931 1354 expressit,
981 1304 1028 1342 de
1065 1302 1165 1342 Juda
1203 1303 1499 1352 Chronographo
1538 1303 1680 1342 diserte

297 1361 513 1409 affirmant,
551 1375 639 1399 eum
669 1359 898 1399 Severianae
927 1361 1197 1410 persecutionis
1224 1361 1418 1398 atrocitate
1446 1367 1609 1409 motum,
1640 1361 1681 1398 in

297 1418 484 1456 decimum
532 1419 635 1456 illius
687 1432 826 1456 annum
863 1416 1428 1466 Anti-Christi.advenn11n,
1489 1417 1680 1466 finemque

295 1475 427 1513 mundi
473 1475 690 1513 contulisse.
761 1474 1039 1513 Persecutionis
1080 1475 1197 1523 igitur
1234 1474 1432 1523 atrocitas,
1482 1481 1524 1511 ut
1564 1473 1679 1512 finem

296 1531 426 1569 mimdi
464 1533 661 1570 iimninere
701 1531 870 1570 crederet
906 1530 1048 1580 Judas,
1102 1544 1190 1568 eum
1227 1532 1434 1580 permovit3
1490 1545 1587 1581 non,
1637 1537 1680 1568 ut
1736 1578 1740 1584 Ι

295 1587 564 1627 Βουννειιυε
605 1589 894 1638 interpretatur,
943 1587 1150 1637 praedictio
1182 1585 1483 1625 Christianorum
1521 1588 1568 1625 de
1604 1587 1681 1625 fine

296 1644 450 1694 mundi,
498 1647 751 1693 persecutioni
799 1647 1033 1683 occasionem
1045 1647 1080 1692 ⁰)
1125 1644 1311 1693 praebuit.
1379 1643 1445 1683 Fit
1483 1643 1576 1682 haec
1617 1644 1682 1683 vel

296 1701 383 1739 inde
421 1701 626 1750 probabilis
665 1704 876 1749 sententia,
920 1701 1020 1749 quod
1062 1700 1110 1738 de
1146 1699 1296 1738 Nerone
1311 1696 1346 1747 d)
1391 1699 1682 1740 Anti-Christo

297 1759 422 1796 simile
456 1758 547 1806 quid
575 1758 757 1795 creditum
784 1759 878 1795 olim
904 1758 1032 1796 suerit.
1090 1755 1231 1795 Juliani
1260 1764 1386 1795 autem
1415 1765 1536 1795 aetate
1566 1758 1681 1806 long-e

297 1815 410 1852 aliam
448 1829 575 1852 rerum
613 1815 732 1852 fuisse
767 1814 904 1852 faciem
933 1820 1090 1851 constat.
1149 1810 1230 1850 Sub
1261 1811 1494 1851 Constantini
1518 1813 1579 1852 M.
1609 1815 1682 1851 im-

296 1873 432 1920 perio,
472 1871 547 1909 alte
586 1878 695 1919 caput
724 1869 935 1909 Christiana
975 1883 1038 1908 res
1074 1870 1274 1908 extulerat.
1333 1868 1550 1920 Propensa,
1589 1872 1681 1919 quin

297 1928 453 1976 profusa
490 1927 603 1975 hujus
632 1927 877 1976 Imperatoris
918 1929 956 1964 in
986 1925 1196 1974 Episcopos
1224 1926 1398 1963 voluntas
1428 1933 1539 1975 atque
1566 1927 1681 1965 bene-

296 1985 482 2034 volentia,
512 1991 655 2022 tantum
686 1986 742 2022 eis
771 1998 855 2022 cum
885 1985 1104 2021 auctoritate
1135 1983 1395 2020 conciliaverat
1420 1984 1680 2032 supercilium,

298 2048 340 2078 ut
378 2043 453 2088 jam
495 2048 575 2079 tum
611 2042 820 2089 iniquitatis
857 2042 1082 2090 mysterium
1112 2041 1260 2087 operari
1290 2040 1434 2078 occulte
1461 2042 1498 2077 in
1528 2040 1681 2090 quibus-

298 2097 384 2135 dam
418 2099 618 2146 occiperet.
685 2097 894 2135 Luxuriari
932 2099 1056 2145 itaque
1097 2098 1174 2144 jam
1212 2103 1252 2133 et
1288 2097 1516 2135 insolentius
1555 2097 1682 2134 efferri

300 2162 501 2202 coeperant
529 2155 658 2202 animi,
687 2161 728 2191 ut
758 2156 892 2191 mirum
923 2168 995 2191 non
1026 2154 1092 2201 sit,
1123 2166 1206 2190 cum
1237 2153 1380 2199 ejurato
1409 2155 1489 2191 veri
1517 2154 1681 2190 numinis

299 2211 429 2260 cultu,
471 2210 518 2250 ad
555 2211 753 2260 gentilium
781 2210 980 2260 Deorum,
1019 2209 1126 2248 Solis
1155 2210 1367 2260 imprimiS‚
1405 2212 1682 2249 venerationem

345 2353 391 2398 a]
415 2356 505 2392 Hm,
531 2356 662 2389 Eecles.
685 2357 730 2394 6,
753 2356 787 2388 7.

344 2400 394 2443 b)
419 2403 470 2434 De
495 2401 660 2444 Scriptor.
685 2403 780 2434 Eccl.
806 2413 837 2434 c.
862 2400 918 2432 52.

344 2444 389 2490 c)
415 2448 597 2480 veriorem
621 2448 864 2489 persecutionis
899 2448 1109 2479 occasionem
1135 2458 1176 2478 ex
1205 2442 1433 2479 Tertulliano
1457 2448 1556 2479 affert
1583 2441 1682 2477 Chri·

391 2490 528 2523 stianus
553 2489 773 2524 Kortholcus
796 2492 838 2523 de
863 2494 1152 2534 persecutionibus
1176 2488 1203 2523 o.
1229 2494 1261 2524 6.
1286 2491 1303 2533 §
1336 2493 1370 2524 7-
1395 2505 1428 2535 p.
1452 2493 1531 2525 260.

346 2533 395 2579 (l)
431 2538 562 2570 Vivum
597 2539 762 2570 nimirum
797 2539 958 2569 asservari
994 2539 1120 2569 alicubi
1154 2537 1353 2578 credebant,
1389 2546 1427 2569 nt
1454 2534 1682 2569 Anti-Chri-

390 2591 482 2613 stum
508 2590 566 2613 aut.
590 2584 657 2625 ipse
681 2591 792 2621 ageret
814 2584 878 2613 sub
902 2585 1005 2614 finem
1031 2583 1152 2614 mundi
1169 2606 1177 2622 ,
1202 2592 1258 2613 aut
1283 2582 1357 2625 ejus
1380 2583 1501 2614 saltem
1527 2592 1680 2623 praecur-
1730 2607 1732 2611 ,

391 2638 448 2658 sor
472 2635 580 2666 esset3
629 2639 794 2669 quorsum
821 2627 986 2659 videndus
1010 2625 1231 2659 Lactantius
1255 2627 1295 2658 de
1322 2628 1492 2661 mortibus
1515 2627 1680 2660 Persecu-

394 2679 512 2704 torum
539 2683 567 2704 c·
594 2674 627 2706 2.
653 2680 685 2705 et
710 2670 932 2717 Augustinus
955 2673 996 2705 de
1020 2675 1112 2706 civit.
1136 2672 1203 2705 Dei
1229 2673 1294 2714 20,
1321 2674 1374 2704 16.
