1768 3125
292 201 698 234 riniorATmnls
737 202 1109 233 nissnnwA'rlo.
1344 189 1436 231 667

57 338 181 373 senes,
211 323 278 362 sed
310 319 462 374 ἄνδρας
489 324 633 372 aliquot
659 317 947 376 ἐπικεκυφότας
976 321 1041 360 καὶ
1066 321 1434 373 κατωχριωλιιένους,

56 395 120 442 qui
151 393 297 431 obviam
326 393 571 441 procedentes
601 405 793 430 sermones
824 405 909 428 cuin
946 392 1016 428 illo
1058 393 1297 429 miscuerunt.
1357 390 1436 429 Nec

56 474 106 499 ex
143 460 356 500 Persarum
404 462 578 507 nomine,
627 475 700 509 quo
750 461 867 496 utitur
905 457 1045 496 Noster
1084 473 1120 498 c.
1165 463 1232 498 29.
1284 459 1437 497 efficere

56 528 261 577 quidquam
292 529 467 567 conabor.
528 528 755 579 Quanquam
785 529 884 564 enim
913 528 1004 564 satis
1034 534 1199 575 constat,
1241 541 1336 565 anno
1371 527 1438 565 de-

55 610 159 634 mum
201 610 347 635 ccxxx.
391 604 455 634 aut
483 610 658 643 ccxxvi,
701 602 742 633 ut
777 593 972 632 ΑΝΤοΝῐο
1002 595 1110 634 ΡΑοῑ
1139 596 1286 644 placet,
1329 610 1438 634 aerae

54 664 244 714 vulgaris,
285 663 506 703 Artaxerxe
547 665 664 713 duce,
704 664 841 702 Persas
881 664 1079 711 pristinum
1119 665 1268 712 imperii
1307 663 1436 714 decus,

54 731 243 770 ademtuin
275 732 445 781 Parthis,
476 735 539 782 qni
572 733 658 781 plus
689 744 787 770 cccc
816 733 922 769 alniis
952 731 1046 768 illud
1076 737 1296 780 tenuerant,
1325 746 1438 770 recu-

54 813 229 848 perasse,
273 802 398 839 minus
429 808 553 839 tamen
593 799 663 837 hac
689 806 797 848 parte
825 800 898 837 sibi
939 806 1109 837 constare
1144 801 1364 847 scriptores,
1401 806 1440 837 et

53 866 320 908 DonWELLUs
350 871 495 907 monuit
509 872 554 914 a)‚
590 875 634 906 vet
661 867 817 904 infinitis
848 875 1042 905 auctorum
1081 867 1176 904 locis
1218 868 1439 915 comproba-

53 941 127 973 tur.
187 934 351 974 Meliora
380 936 539 985 proinde
560 946 716 973 caussae
737 934 923 983 praesidia
944 934 1275 982 circumspicienda
1300 936 1436 973 sentio.

137 1001 283 1041 XXX.
330 1002 624 1041 Succenturiabo
654 1005 771 1052 igitur
801 1002 929 1049 aliud,
969 1001 1159 1048 validum,
1201 1003 1358 1051 opinor,
1402 1009 1440 1040 et

54 1069 155 1119 quod
183 1072 338 1108 nonita
368 1071 480 1109 facile
510 1072 593 1109 loco
634 1085 676 1109 se
718 1071 814 1119 pelli
849 1071 1025 1118 patiatur.
1086 1067 1239 1107 Scilicet
1278 1071 1336 1108 bis
1378 1084 1440 1107 oc-

53 1139 170 1176 currit
208 1140 246 1175 in
275 1137 535 1187 Philopatride
574 1140 713 1176 mentio
754 1139 835 1176 τῶν
865 1136 1081 1184 ἓξισωτῶν,
1125 1151 1157 1175 e.
1193 1141 1258 1176 19.
1301 1145 1338 1175 et
1369 1143 1436 1176 20.

55 1203 135 1256 Qui
166 1219 257 1243 vero
289 1213 415 1243 essent
446 1205 650 1253 ἐξισωταὶ,
692 1205 792 1254 quod
830 1206 985 1242 illorum
1013 1218 1169 1253 munus,
1209 1205 1260 1242 ibi
1301 1205 1439 1243 dictum

54 1278 125 1310 est.
184 1271 261 1310 Hic
297 1274 394 1310 illud
438 1278 592 1311 monere
636 1287 657 1311 e
684 1287 726 1311 re
755 1287 839 1310 mea
869 1280 951 1321 est,
990 1287 1064 1310 non
1108 1267 1306 1311 occurrere
1344 1275 1440 1312 anti-

54 1341 251 1389 quiorem,
292 1348 470 1389 quantum
509 1341 641 1379 sedulo
684 1342 887 1389 inquirenti
925 1342 1094 1389 reperire
1128 1341 1247 1389 licuit,
1289 1343 1353 1389 qui
1395 1354 1439 1378 ea

52 1421 145 1446 voce
185 1421 277 1445 usus
315 1411 389 1457 sit,
434 1410 497 1446 vel
535 1410 655 1457 ipsius
694 1409 788 1447 adeo
821 1410 988 1446 muneris
1026 1410 1255 1446 mentionem
1294 1409 1438 1456 fecerit,

52 1474 282 1521 Euszmob)
313 1475 618 1524 Nicomediensi,
660 1477 723 1524 qui
753 1477 961 1525 originem,
1003 1478 1042 1514 ni
1071 1477 1206 1524 fallor,
1245 1478 1437 1524 exposuit.

54 1541 210 1591 Subjeci
238 1545 320 1592 ipsa
347 1546 482 1594 verba,
522 1559 570 1583 ne
604 1545 732 1582 fucum
760 1545 886 1582 facere
915 1545 1118 1582 lectoribus
1147 1545 1247 1582 velle
1288 1544 1438 1582 videar:

49 1607 155 1649 Ἐπεὶ
187 1608 230 1649 δὲ
260 1608 385 1664 ἕτεροι
414 1609 488 1658 τὰς
514 1613 596 1651 τῶν
625 1607 819 1664 πρότερον
849 1607 1106 1664 κρατούντων
1124 1611 1197 1662 τῆς
1220 1612 1292 1663 γῆς
1311 1626 1438 1650 κατα-

51 1675 262 1731 μετρήσεις
309 1678 641 1733 κατεμέμφοντο,
693 1681 954 1732 βεβαρῆσθαι
1009 1677 1142 1718 αὐτῶν
1189 1676 1262 1731 τὴν
1297 1675 1438 1731 χώραν

54 1742 361 1797 καταιτιώμενοι
379 1760 390 1770 ·
425 1744 546 1786 πάλιν
575 1744 795 1786 κάνταῦθα
824 1748 968 1801 θεσμῷ
1000 1742 1258 1797 δικαιοσύνης
1287 1743 1440 1799 ἄνδρας

55 1811 248 1861 ἓξισωτάς
277 1812 519 1864 κατέπεμπε,
558 1811 654 1861 τοὺς
689 1811 734 1854 τὸ
766 1811 935 1866 ἀζήμιον
966 1819 1051 1862 τοῖς
1093 1814 1271 1866 δεηθεῖσι
1313 1813 1440 1867 παρέ-

55 1882 212 1929 ξοντας.
272 1881 471 1931 Apparet,
503 1884 535 1920 si
565 1882 663 1920 nihil
689 1883 839 1921 aliunde
866 1883 1064 1931 afferatur,
1097 1883 1198 1931 quod
1227 1882 1438 1932 prohibeat,

56 1950 253 1989 commode
294 1951 409 1988 verba
450 1949 627 1988 Ensnssn
670 1950 717 1988 de
757 1952 880 1998 prima
918 1949 1032 1999 hujus
1079 1952 1246 1988 muneris
1293 1952 1438 1999 orig-ine

54 2032 168 2067 posse
218 2018 395 2066 intelligi.
457 2016 619 2054 Occasio
670 2017 842 2054 mittendi
888 2018 1188 2066 Pei-aequatores
1236 2018 1437 2067 indicatur,

54 2087 199 2135 justitia
226 2087 264 2122 in
303 2099 346 2122 ea
384 2098 427 2122 re
466 2083 701 2123 Constantini
736 2085 935 2123 laudatur:
978 2085 1077 2133 quod
1115 2099 1190 2123 non
1226 2086 1319 2125 adeo
1357 2100 1438 2124 ma-

56 2167 170 2203 gnam
197 2154 275 2191 vim
304 2151 482 2200 haberet,
526 2154 598 2189 nisi
627 2152 693 2189 ille
722 2154 866 2201 primus
904 2152 943 2190 id
973 2153 1148 2191 beneficii
1176 2154 1342 2191 tribuere
1371 2168 1438 2202 op·

58 2222 204 2270 pressis
257 2221 498 2257 instituisset.
558 2218 618 2258 At
669 2221 860 2269 loquitur,
921 2227 1099 2269 tanquam
1112 2221 1176 2259 -de
1223 2221 1437 2259 hominibus

59 2288 151 2326 olim
179 2289 278 2325 notis
306 2287 534 2326 Eusmnus.
590 2287 708 2326 Recte
738 2288 836 2326 illud
866 2288 1033 2337 quidem.
1093 2288 1181 2339 Quo
1211 2290 1311 2327 enim
1342 2296 1437 2326 tem-

0 2357 2 2360 ’
57 2370 149 2405 pore
185 2354 279 2392 haec
323 2356 531 2404 scribebat,
575 2358 656 2394 noti
695 2357 814 2394 fuere.
872 2355 977 2394 Ante
1007 2354 1241 2394 Constantini
1279 2363 1438 2393 aetatem

59 2430 260 2472 potuerunt
289 2423 408 2460 fuisse
435 2424 629 2472 incogniti.
688 2423 893 2462 Eusebium
923 2425 1029 2472 quasi
1059 2425 1207 2473 agmine
1244 2424 1342 2461 facto
1372 2424 1438 2461 de-

58 2491 146 2528 inde
176 2497 382 2538 sequuntur
411 2489 649 2530 Gsssseonms
678 2491 989 2540 NAZIANzENUs‚
1018 2491 1237 2539 BAsmUs,
1272 2490 1439 2540 Impera-

105 2590 139 2631 ιι)
169 2591 263 2623 Diss.
297 2590 340 2622 de
375 2590 512 2623 Isidoro
546 2592 741 2625 Characeno
776 2592 805 2635 ἕ.
831 2594 862 2626 4.
889 2606 924 2637 p.
948 2595 1005 2626 62.
1040 2591 1135 2626 Add.
1171 2589 1363 2636 Spanlzem.
1395 2593 1438 2625 ad

151 2649 283 2680 Julian.
308 2648 372 2680 Or·
399 2646 429 2679 1.
453 2660 529 2690 pag.
556 2651 633 2682 123.
658 2650 735 2683 149.

106 2704 146 2745 b)
170 2705 221 2737 De
243 2705 312 2737 vita
336 2703 549 2738 Constantini
573 2702 607 2745 4,
629 2707 661 2738 3.
