1768 3125
305 170 1183 202 INDESYRIADEA.
1337 156 1432 201 401

45 295 286 344 ignoratum,
338 292 423 341 quis
457 290 613 329 credat?
670 287 793 339 Atqui
846 290 953 328 audis
1005 289 1067 329 hic
1112 297 1343 329 asserentem
1393 292 1434 330 in

49 360 252 409 Euphratis
297 361 377 408 ripa
420 360 533 396 sitam
569 372 652 396 eam
682 359 835 408 urbem3
889 373 1000 408 quam
1029 357 1172 397 Strabo
1204 357 1289 406 XI,
1334 362 1431 397 522.

47 427 100 466 D.
131 426 250 466 XVI.
290 442 329 476 p.
364 432 461 467 738.
492 426 542 464 D.
585 434 621 464 ct
652 430 745 465 743.
778 425 822 464 C.
865 427 1004 464 diserte
1041 428 1080 463 in
1115 426 1298 475 Tigridis
1325 429 1430 474 ripa,

47 509 131 534 cum
173 497 328 533 caeteris
368 494 594 544 geographis
637 493 921 543 historicisquc,
974 495 1091 541 ponit.
1163 494 1266 546 Quid
1307 498 1430 544 ergo?

45 564 347 610 mutabimusne,
400 564 543 610 absque
582 561 680 599 Mss.
724 562 844 600 codd.
886 563 1132 599 auctoritate?
1181 576 1255 600 nou
1293 562 1430 610 placet.

44 629 126 669 Nec
155 631 263 668 nobis
292 632 331 667 iu
362 637 531 668 veterum
560 631 668 667 libris
699 637 838 667 tantum
868 630 984 666 licere
1015 630 1205 668 existimo.
1242 629 1300 668 lta
1330 632 1431 669 enim

43 697 137 747 fiet,
168 704 209 735 ut
239 699 272 736 si
300 697 389 746 quid
418 697 571 736 humani
602 699 702 746 passi
732 699 825 745 sint,
871 699 925 736 sic
954 698 1041 734 sciri
1074 711 1265 745 nunquam
1293 700 1427 746 possit.

42 765 199 804 Interim
240 772 365 803 tamen
403 767 525 805 caveri
570 767 682 803 etiam
720 765 850 812 decet,
901 779 949 802 ne
987 766 1170 802 librorum
1208 769 1430 805 auctoritate

44 833 192 882 decepti
234 833 330 871 salsa
366 848 435 882 pro
473 834 573 871 veris
611 847 632 870 a
670 833 883 881 legentibus
922 834 1160 881 accipiantur.
1232 833 1330 872 Cum
1366 832 1428 872 hic

42 903 167 949 itaque
210 902 249 938 iu
285 901 391 939 libris
418 903 556 939 nostris
585 899 682 937 nihil
711 900 869 937 subsidii
898 902 969 947 sit,
1011 901 1132 937 textui
1163 901 1315 949 quidem
1343 900 1430 939 Lu·

41 970 169 1006 ciaueo
198 967 440 1017 Euphratem
470 970 697 1017 relinquam3
740 968 808 1005 sed
838 969 1020 1016 monebo,
1053 981 1218 1005 errorem
1249 982 1334 1007 esse
1363 976 1428 1008 aut

40 1034 214 1074 Lucianz‘
241 1038 376 1087 ipsius,
405 1045 469 1075 aut
497 1039 580 1084 ejus
611 1037 897 1084 exscriptorum.
964 1034 1169 1084 Tigridem
1198 1037 1319 1085 enim,
1351 1051 1428 1075 nou

40 1102 308 1153 Euphratem,
351 1112 415 1143 aut
440 1106 615 1154 scripsit,
659 1111 723 1141 aut
752 1105 917 1142 scribere
947 1104 1088 1142 debuit.
1153 1103 1235 1141 Adi
1265 1104 1427 1142 eundem

39 1171 256 1210 Prideauoe
303 1173 333 1210 l.
375 1187 415 1225 c.
466 1174 531 1220 qui
569 1171 744 1208 Plinium
791 1173 904 1209 etiam
953 1171 1103 1209 adducit
1153 1172 1324 1218 ejusdem
1368 1173 1426 1212 rei

40 1246 175 1277 testem
205 1238 281 1288 VI,
313 1244 380 1279 62.
410 1237 560 1277 Sonam.
601 1237 698 1276 Cum
722 1240 764 1276 in
793 1239 900 1276 Iemt.
932 1245 1031 1276 esset
1050 1235 1260 1291 Εὐφρήτῃ,
1292 1239 1426 1287 adjun-

40 1313 173 1355 xerat,
215 1307 312 1344 nihil
340 1308 486 1345 variare
516 1306 613 1344 Edd.
644 1305 826 1346 Frustra:
882 1320 969 1343 nam
999 1320 1062 1343 eas
1092 1309 1286 1344 excutiens
1313 1307 1424 1346 aliter

40 1389 121 1412 rem
150 1374 288 1413 habere
318 1375 407 1413 vidi.
447 1370 642 1427 Jz'z'aeqpijrpy
673 1382 799 1412 tamen
827 1388 960 1413 verum
986 1387 1085 1423 esse,
1115 1374 1201 1412 vide
1225 1376 1278 1412 sic
1295 1376 1424 1413 sexies

41 1449 237 1483 exaratum
264 1444 302 1479 in
334 1442 534 1480 Herodoti
561 1441 613 1480 L.
643 1442 674 1480 Ι.
706 1458 745 1491 p.
777 1448 844 1481 82.
875 1444 943 1481 84.
976 1443 1042 1480 35.
1101 1441 1255 1480 Rmrz.

121 1509 208 1549 ead.
239 1511 266 1548 l.
301 1515 340 1548 2.
375 1507 534 1548 Ἔνθα
564 1533 613 1539 ——
655 1506 874 1560 τελευτὴ
911 1508 999 1560 ἔφη]
1042 1507 1153 1546 Errat
1180 1511 1317 1546 iterum
1345 1507 1420 1559 hic,

39 1579 210 1627 quisquis
240 1585 324 1627 est,
367 1586 494 1616 auctor
523 1578 635 1626 hujus
665 1579 808 1616 libelli:
860 1592 936 1615 non
963 1578 1062 1615 enim
1091 1575 1289 1614 Seleuciae
1320 1577 1423 1615 diem

41 1647 133 1684 obiit
163 1644 370 1694 Seleucus,
402 1647 469 1684 sed
498 1648 536 1683 in
561 1646 736 1696 Europa,
765 1645 1031 1683 Macedoniam
1057 1646 1256 1682 invasurus
1285 1658 1306 1681 a
1330 1643 1422 1682 Pto-

37 1714 183 1752 lemaeo
224 1712 395 1752 Cerauno
435 1716 598 1764 pugione
635 1728 854 1763 percussus.
912 1712 1008 1752 Vid.
1043 1711 1261 1751 Pridecmx
1289 1711 1334 1751 P.
1363 1712 1420 1750 II.

36 1779 87 1819 L.
117 1781 151 1819 I.
191 1795 286 1819 anno
315 1789 400 1820 ante
436 1781 480 1820 C.
511 1787 606 1821 280.
638 1789 675 1821 et
708 1783 951 1831 scriptoribus
982 1782 1027 1818 ab
1057 1794 1101 1818 eo
1129 1780 1293 1818 laudatis
1324 1780 1421 1818 adde

35 1848 170 1886 Strab.
202 1848 321 1887 XIII.
353 1865 393 1898 p.
425 1854 519 1888 623.
550 1850 603 1888 D.
643 1851 711 1889 sed.
736 1850 797 1888 hic
824 1851 1018 1899 regionem
1045 1862 1119 1886 non
1149 1849 1343 1897 nominat,
1380 1849 1422 1885 in

38 1931 111 1966 qua
139 1931 337 1965 percussus
367 1924 438 1955 est.
498 1916 650 1957 Sonam.

107 1983 211 2022 ead.
243 1985 271 2023 l.
306 1989 345 2024 5.
381 1981 706 2036 Ἔθηήσατο]
743 1983 794 2022 Et
821 1986 876 2022 sic
906 1997 1042 2033 supra,
1073 1996 1104 2020 c.
1138 1986 1204 2022 14.
1261 1981 1418 2023 RmTz.

119 2052 208 2091 ead.
249 2052 278 2090 ἶ.
314 2057 355 2091 7.
394 2049 580 2104 ’Ώρηιη
626 2052 690 2091 Sic
729 2053 862 2100 spiritu
900 2054 1004 2089 tenui
1042 2050 1144 2088 Bas.
1182 2053 1222 2088 in
1257 2053 1417 2100 reliquis

37 2134 121 2158 cum
161 2134 293 2167 aspero
324 2121 520 2169 scribitur3
576 2121 653 2159 vid.
682 2127 720 2158 et
749 2120 810 2157 De
838 2118 987 2157 Astrol.
1021 2132 1104 2167 cap.
1135 2123 1203 2158 27.
1262 2119 1418 2159 SoLAN.

41 2185 241 2238 Ossd‘qut'qv
272 2184 380 2239 ὤρην
412 2185 608 2234 ἐποιέετο]
652 2186 717 2225 Sic
746 2186 940 2224 IIerodot.
970 2187 1003 2225 I.
1034 2202 1072 2235 p.
1105 2192 1143 2225 2.
1174 2186 1229 2224 D.
1259 2185 1309 2224 Et
1337 2187 1418 2225 lae-

34 2258 158 2305 vigato
191 2257 229 2293 in
252 2255 325 2293 Ed.
344 2254 480 2304 Steph.
511 2257 660 2304 spiritu,
690 2253 888 2305 pctjd'em'tjv
920 2250 1026 2305 ὤρην
1056 2251 1156 2304 ἔχειν
1185 2249 1414 2306 ἁρπασθει-

35 2321 135 2361 σέων
150 2352 163 2373 ,
191 2324 340 2361 nnllam.
367 2334 574 2373 raptarum
603 2338 736 2362 curam
763 2321 917 2360 habere.
937 2322 1053 2361 Adde
1084 2322 1271 2361 Nostrum
1298 2335 1415 2372 supra

35 2390 82 2429 de
111 2389 259 2428 Astrol.
291 2405 324 2429 c.
355 2396 426 2430 27.
484 2392 639 2430 Rmrz.

119 2457 208 2496 ead.
238 2459 268 2496 l.
302 2464 368 2498 17.
406 2457 707 2504 Ἐπεόέξαο]
741 2454 1019 2503 Ἔπιὸἕξεσθαι
1047 2472 1116 2507 pro
1146 2455 1416 2504 ἐπιδείξεσθαι

34 2525 202 2565 Ionicum
229 2540 340 2576 esse,
369 2540 407 2564 v.
439 2527 485 2564 ad
514 2541 548 2564 c.
582 2531 621 2565 1.
677 2525 832 2565 Rmrz.

117 2593 226 2642 Pag.
250 2598 318 2632 98.
347 2594 376 2632 l.
400 2597 440 2632 4.
471 2591 732 2641 Λίσσετο]
774 2590 987 2640 Ἐλίσσετο,
1017 2599 1208 2642 utsupra.
1249 2590 1413 2630 GUYET.

35 2658 118 2698 Etsi
155 2663 195 2698 iu
235 2662 373 2699 talibus
414 2668 539 2700 amant
577 2663 690 2700 etiam
718 2661 829 2701 Iones
859 2667 1124 2710 augmentum,
1165 2658 1262 2697 nihil
1288 2665 1415 2697 tamen

81 2724 236 2760 Lucian.
268 2725 354 2761 Vol.
380 2725 456 2760 IX.
1058 2716 1122 2754 CC
