1768 3125
275 163 365 194 IN
436 162 1140 195 PH1LOPA‘1'RIN.
1323 153 1415 196 573

46 290 178 334 ctaeo,
217 285 256 322 in
284 297 359 332 quo
387 289 496 322 natus
526 290 604 333 est,
638 283 956 333 distinguendum)
1002 298 1024 321 a
1055 282 1205 324 Gnosso
1249 284 1416 324 adeunti-

44 352 114 390 bus
143 353 242 390 viam
269 351 411 389 laudat.
444 351 572 389 Gsssx.
630 350 698 389 An
731 347 900 401 himma,-
935 352 1070 402 (ἰαχεῖ.
1108 351 1240 402 Bene,
1279 361 1316 391 et
1344 353 1415 392 hoc

44 421 183 467 recepi.
224 418 376 457 Rffl'rz.
434 418 484 457 Et
521 434 590 469 ego
620 420 704 457 feci.
764 418 912 457 Verum
953 421 1006 458 sic
1047 422 1122 468 jam
1160 414 1415 470 interpretatio

43 500 192 535 quoque
232 485 392 525 Latina:
441 486 596 538 obliqua
634 487 791 524 vallium
830 488 1004 525 mutanda
1053 496 1142 526 erat.
1203 487 1254 526 Ut
1290 497 1415 527 autem

42 549 116 598 τὰς
145 548 374 603 λόχμας-γάρ
392 554 614 606 fruticibus
656 556 764 604 cepi,
806 556 857 592 ita
897 552 946 593 τι),
990 551 1134 605 λόχμια
1176 555 1268 593 milri
1310 563 1415 594 erant

41 627 160 658 totum
190 621 285 659 illud
302 623 541 674 fi'ute'cetmn
569 624 606 660 in
635 624 736 660 valle
766 636 849 660 cum
882 631 999 661 antro.
1057 623 1198 662 LmiM.

122 687 211 727 ead.
238 688 266 727 l.
301 694 365 728 18.
401 687 474 726 Τὰ
520 685 699 742 ὄργια]
750 689 980 729 Adscribam
1034 693 1148 729 verba
1194 692 1323 730 Servii
1366 691 1414 731 ad

45 754 163 805 Wrg.
192 754 296 794 Aen.
326 755 401 807 IV,
434 762 530 796 302.
570 758 677 796 valde
715 757 805 797 huic
840 760 924 796 loco
951 767 1176 808 opportuna,
1219 774 1301 798 cum
1339 774 1414 798 non

39 823 133 861 adeo
175 825 285 862 obvia
331 827 405 874 sit,
447 839 541 873 quae
583 825 643 863 hic
683 828 907 875 requiritur,
944 830 1140 875 orgiormn
1177 828 1412 876 significatio.

45 888 195 929 ORGIA
225 890 337 940 apud
367 892 536 930 Graecos
565 904 721 930 οΜΝιΑ
753 906 870 931 SUNT
898 904 1057 940 SACRA,
1089 905 1131 932 ut
1160 895 1271 943 apud
1298 895 1414 933 Lan·-

39 973 109 996 nos
137 969 482 998 CAERIMONIAE.
539 959 625 997 Sed
648 961 740 1013 jam
778 960 933 999 abusive
968 977 1085 1000 sacra
1122 961 1261 1000 Liberi
1298 966 1413 1012 orgia

39 1035 199 1075 uocant,
243 1026 304 1064 vel
342 1023 420 1065 ἀπὸ
450 1028 522 1078 τῆς
552 1024 692 1079 ὀργῆς,
734 1044 761 1067 (ι
779 1031 953 1082 furore,
993 1030 1054 1067 vel
1082 1025 1159 1069 ἀπὸ
1190 1032 1261 1069 τοῦ
1292 1028 1413 1082 ὄρους

39 1108 66 1132 a
93 1104 231 1132 monte.
288 1092 335 1131 Iu
364 1108 436 1143 qua
465 1096 616 1144 quidem
645 1099 764 1147 etymi
799 1099 943 1135 ratione
981 1098 1193 1147 alleganda,
1233 1100 1266 1137 si
1299 1099 1412 1137 modo

37 1163 120 1210 ipse
148 1163 255 1200 illam
284 1162 488 1212 approbat,
517 1163 666 1201 videtur
695 1165 844 1213 tollere,
875 1165 974 1213 quod
1001 1167 1131 1213 paullo
1161 1173 1244 1204 ante
1274 1181 1413 1215 posue-

37 1236 118 1267 rat:
158 1237 316 1277 utraque
355 1232 455 1267 enim
494 1232 590 1269 ratio
617 1231 664 1269 ad
694 1231 880 1270 Bacchica
909 1247 1014 1271 sacra
1042 1235 1208 1282 respicit.
1266 1233 1411 1273 Melius

38 1298 153 1345 igitur
163 1327 175 1345 ,
206 1298 269 1345 qui
300 1293 377 1335 ἀπὸ
409 1298 478 1336 τοῦ
510 1294 672 1350 εἴργειν,
717 1301 762 1337 ab
800 1301 982 1350 arcendo,
1022 1315 1152 1339 vocem
1192 1309 1316 1339 natam
1345 1317 1412 1341 vo-

37 1363 141 1401 lunt:
182 1365 460 1403 occultabantur
502 1368 602 1404 enim
631 1368 877 1417 cerimoniae,
920 1369 1211 1417 arcebanturque
1247 1371 1293 1407 ab
1330 1370 1411 1408 illis

37 1433 272 1469 curiosorum
303 1440 380 1469 tum
412 1448 522 1472 aures
551 1442 629 1471 tum
657 1437 770 1473 oculi.
832 1435 1033 1475 Caeterum
1061 1436 1131 1474 hoc
1159 1438 1240 1475 vult
1260 1435 1409 1485 Critias,

36 1500 208 1549 ignorato
237 1501 305 1537 illo
336 1502 498 1539 carmine
528 1509 566 1540 et
595 1505 830 1552 cerimoniis,
872 1517 920 1541 ex
950 1501 1186 1541 Cretensium
1224 1505 1410 1554 virg-inum

37 1568 219 1615 capitibus
247 1582 320 1605 non
349 1582 460 1616 posse
491 1568 686 1619 Gorgonas
715 1571 799 1608 fieri
813 1601 825 1619 ,
862 1570 1090 1620 Palladaque
1129 1573 1309 1617 eximium
1340 1572 1410 1610 ali—

37 1635 126 1683 quid
155 1636 228 1673 sibi
255 1637 430 1674 retinere.
490 1635 614 1676 GESN.

120 1703 221 1752 Pag.
255 1708 351 1742 232.
391 1703 419 1740 l.
452 1708 490 1745 7.
527 1701 728 1757 Ἀσελγ.
759 1729 815 1737 —-
839 1704 1059 1757 μίξεως]
1106 1705 1322 1755 Respicitne
1361 1707 1411 1746 ad

34 1766 85 1807 11.
115 1767 167 1818 Ξ,
201 1775 296 1809 197.
325 1785 404 1820 seq.
435 1772 500 1809 ubi
527 1770 626 1811 Juno
656 1775 880 1812 meretriciis
910 1775 1051 1813 artibus
1079 1772 1214 1812 Jovem
1244 1776 1291 1813 ad
1320 1789 1408 1813 con-

36 1838 222 1886 cubitum,
252 1838 376 1876 medio
420 1839 504 1888 die,
535 1841 574 1877 in
598 1839 688 1879 Idae
716 1844 853 1879 montis
882 1844 1049 1891 vertice,
1087 1843 1265 1890 impulit?
1321 1842 1408 1881 Jam

35 1906 222 1954 objecerat
249 1905 321 1944 hoc
348 1905 517 1945 Homero
547 1908 752 1947 Illinucz’us
780 1909 906 1946 Felix
932 1907 1084 1956 XXII,
1116 1912 1156 1946 4.
1198 1910 1298 1957 quod
1322 1924 1409 1948 nar-

34 1978 114 2021 ret,
150 1972 284 2010 Jovem
320 1984 417 2012 cesto
462 1974 628 2013 Veneris
671 1976 858 2026 illectum,
897 1977 1171 2027 flagrantius,
1214 1991 1329 2027 quam
1365 1980 1408 2015 in

34 2039 234 2078 adulteras
262 2041 402 2090 sosseat,
444 2056 528 2079 cum
556 2042 710 2080 Junone
747 2058 876 2081 uxore
903 2042 1160 2081 concumbere.
1219 2041 1269 2082 Et
1309 2039 1407 2096 σύγ-

29 2121 178 2159 χρονος
212 2106 351 2146 Nostro
394 2109 557 2158 (ἶνες-ον.
599 2110 797 2149 Nazianz.
839 2110 948 2149 Orat.
979 2111 1130 2162 στηλιτ.
1160 2109 1194 2148 Ι.
1235 2126 1274 2159 p.
1309 2115 1405 2150 104.

34 2173 94 2220 τίς
123 2172 166 2212 δὲ
205 2169 229 2225 ἦ
259 2174 474 2224 θαι’,ιιασιά
512 2175 622 2225 μίξις
658 2178 730 2215 τοῦ
759 2176 1081 2231 νεφεληγερὲτου,
1122 2177 1188 2216 καὶ
1227 2179 1299 2229 τῆς
1339 2193 1406 2218 σε-

33 2242 137 2293 μνῆς
165 2237 324 2295 (Ηρας,
367 2237 482 2293 ἧνίκα
525 2240 763 2295 domenare&
794 2243 915 2284 αὐτὸν
958 2242 1162 2284 ἀναπείθει
1203 2242 1406 2298 μεσούσης

33 2304 199 2361 ἧμέρας.
258 2308 448 2358 Inter-pres
480 2310 616 2349 Gallus
646 2313 693 2350 ad
718 2315 876 2351 incestas
906 2327 990 2351 cum
1019 2314 1134 2351 fratre
1163 2315 1303 2351 sororis
1334 2329 1404 2351 nu-

32 2379 129 2425 ptias
158 2378 287 2416 refert.
346 2376 424 2415 Sed
452 2379 532 2417 fere
562 2386 644 2428 est,
685 2387 726 2417 ut
760 2382 906 2429 turpius
935 2382 1047 2418 etiam
1076 2380 1252 2428 quiddam
1279 2384 1404 2430 suspi-

34 2458 119 2493 cer,
159 2444 261 2492 quod
298 2443 360 2482 hic
386 2444 525 2483 Junoni
564 2448 751 2497 objicitur,
795 2448 841 2486 de
883 2463 957 2497 quo
993 2446 1229 2496 Theophilus
1257 2449 1403 2486 Antio-

31 2510 174 2550 chenus
199 2510 271 2560 III,
304 2515 343 2550 3.
384 2508 455 2562 τήν
494 2527 534 2551 τε
555 2509 686 2565 ’Ήραν
729 2513 834 2553 ἰδίαν
877 2512 1055 2568 ἀδελφὴν
1091 2512 1148 2565 μὴ
1179 2511 1304 2564 μόνον
1332 2513 1401 2554 τὸν

34 2576 118 2616 Δία
143 2582 308 2630 γαμεῖν,
342 2575 445 2617 ἀλλὰ
473 2579 540 2618 καὶ
569 2578 637 2619 διὰ
666 2577 867 2630 στόματος
897 2578 1067 2634 ἀνάγνου
1109 2578 1397 2635 ἀρῥητοῑῑοιεῖν.

33 2644 84 2684 Et
109 2645 195 2696 111,
237 2650 276 2686 6.
319 2642 563 2700 Χρύσιππος
605 2645 648 2688 δὲ
686 2649 771 2696 πῶς
809 2646 883 2700 οὔχ
921 2644 1137 2704 εῧρίσκεται
1179 2648 1398 2701 σημαίνειν,
