1740 3095
278 108 373 169 584
564 119 1322 172 AVDNOTATIO'NES

275 241 436 282 honeste
474 243 666 292 viverent,
717 241 877 280 salutem
922 248 1111 280 aeternam
1160 242 1346 291 denegare
1393 255 1466 280 non
1514 255 1641 282 ausos.

282 308 423 350 GEs-N.
480 308 594 348 Adeo
632 309 844 347 luculenter
874 309 990 358 haec,
1029 317 1067 347 et
1094 324 1187 357 qnae
1213 310 1313 347 idem
1340 311 1537 348 -Gesnerus
1574 324 1644 348 no·-

280 386 358 416 ster
405 379 444 416 iu
488 377 657 415 Dissert.
699 377 735 425 ς.
775 374 898 415 XXI.
949 377 1170 426 disputavit,
1221 379 1406 425 exposita
1439 384 1548 425 sunt,
1575 381 1577 385 ’
1601 383 1644 414 ut

279 447 357 494 jam
404 445 472 482 vix
506 444 668 492 amplius
707 443 754 482 de
797 442 945 482 Christo
988 452 1051 482 aut
1094 443 1315 482 Christianis
1354 443 1395 482 h.
1422 445 1452 482 l.
1492 443 1646 493 cogitari

279 513 411 561 possit.
470 510 587 561 Quod
615 518 740 548 autem
766 510 932 549 Belinus
960 514 998 549 in
1027 526 1071 550 eo
1100 512 1276 560 offendit,
1306 512 1405 559 quod
1431 514 1484 549 sic
1510 512 1646 560 probo-

279 593 364 618 rum
391 585 534 616 tautum
561 580 641 616 vita
672 580 710 615 in
735 579 844 615 libris
874 580 1098 617 coelestibus
1128 579 1287 616 describi
1317 579 1502 628 videatur,
1532 592 1646 628 quum

280 652 319 685 et
344 659 456 693 supra
484 651 521 683 et
548 646 644 683 iufra
673 645 774 683 idem
804 644 971 694 Triepho
1003 647 1100 684 dicat
1129 648 1292 684 omnium
1317 645 1537 695 hominum,
1567 648 1647 689 sive

280 713 504 761 proborum,
534 714 615 751 sive
645 714 924 762 improborum,
968 715 1064 751 vitas
1101 715 1374 751 commentariis
1412 714 1490 751 illis
1531 714 1648 756 couti-

280 781 387 830 neri,
417 780 456 818 id
484 787 584 818 certe
612 794 686 817 uon
713 779 809 818 hauc
836 782 913 817 vim
941 779 1079 829 habet,
1115 789 1156 818 ut
1189 781 1350 818 Gesneri
1377 781 1648 830 argumentatio

281 848 387 885 irrita
431 847 620 886 reddatur.
677 846 758 885 Nec
801 846 1076 897 llfielandsus,
1119 862 1229 896 quem
1270 849 1400 886 eadem
1441 849 1649 886 observatio

283 914 461 964 offendit,
500 928 544 952 ea
586 921 646 953 est
673 922 886 963 permotuS,
925 923 965 952 ut
1001 928 1109 953 secus
1139 922 1341 962 statueret,
1371 930 1413 953 ac
1446 916 1649 959 Gesnerus.

283 978 426 1023 :Merito
470 988 595 1020 autem
642 996 663 1020 a
703 981 932 1020 lVieIandz'o
982 984 1227 1019 inconstantia
1272 983 1452 1030 quaedam
1493 984 1533 1019 in
1579 981 1651 1020 hac

285 1062 416 1087 caussa
452 1050 526 1097 ipsi
566 1047 787 1097 Triephonti
825 1050 1019 1098 tribuitur3
1060 1063 1133 1097 qua
1171 1063 1268 1086 nunc
1313 1051 1503 1098 omnium,
1554 1062 1652 1087 nunc

284 1122 427 1153 tantum
465 1116 692 1165 proborum,
731 1115 924 1153 hominum
959 1117 1074 1152 vitam
1103 1129 1124 1152 a
1153 1115 1223 1152 deo
1254 1118 1504 1164 consignatam
1539 1116 1651 1155 dicat.

284 1180 435 1220 Verum
464 1188 499 1219 et
528 1181 619 1220 haee
648 1184 916 1220 inconstantiae
946 1184 1090 1231 species
1115 1184 1232 1219 minui
1261 1183 1388 1231 aliquo
1417 1183 1527 1220 modo
1565 1196 1653 1231 pos-

285 1250 361 1299 sit,
391 1249 576 1297 siquidem
607 1249 646 1286 id
675 1263 778 1299 agas,
808 1257 850 1287 ut
878 1250 1106 1300 argutando,
1136 1264 1210 1288 non
1233 1250 1538 1300 argumentando,
1563 1251 1653 1288 sub-

284 1319 413 1357 venias
444 1315 750 1365 Triephoutibus.
809 1317 949 1356 me.
1106 1316 1108 1319 ’

369 1382 458 1423 eud.
488 1384 517 1422 l.
553 1389 618 1423 10.
649 1380 943 1434 Ε’ὗστόμε-ι]
976 1384 1039 1423 Ex
1065 1382 1274 1433 Aristoplz.
1302 1383 1408 1437 Νεφ.
1442 1389 1538 1424 831.
1571 1398 1652 1434 seq.

286 1452 351 1490 ubi
378 1453 518 1501 legitur
546 1447 747 1502 effeminet,
789 1451 852 1489 καὶ
882 1451 1008 1503 μηδὲν
1039 1449 1150 1504 εἴπῃς
1180 1453 1361 1504 φλαῦρον
1397 1447 1549 1505 ἄνδρας
1588 1451 1653 1491 δε-

288 1515 412 1565 ξιοῦς.
470 1518 580 1557 Unde
609 1521 835 1568 suspiceris,
866 1527 903 1557 et
930 1519 992 1557 hic
1023 1520 1225 1568 legendum
1254 1517 1350 1557 θεὸν
1371 1515 1510 1565 δεξιόν.
1551 1518 1654 1569 Syn-

287 1593 418 1624 taxeos
457 1594 557 1624 certe
598 1588 692 1624 ratio
732 1586 774 1623 id
815 1588 1011 1635 exigebat3
1050 1589 1122 1625 nisi
1161 1587 1253 1624 dura
1290 1588 1380 1626 satis
1418 1588 1543 1634 ellipsi
1584 1584 1656 1638 τὴν

262 1650 391 1703 ,κατὰ
420 1655 597 1690 omissam
627 1654 807 1694 dicamus.
868 1653 1068 1692 Caeterum
1104 1668 1240 1691 nomen
1267 1651 1416 1704 δεξιὸς,
1457 1654 1536 1692 Dei
1576 1656 1658 1703 epi-

288 1718 441 1769 theton,
476 1721 682 1760 illustravit
719 1718 873 1769 Spanh.
914 1721 961 1759 ad
992 1721 1147 1760 Gallim.
1185 1720 1240 1761 Π.
1280 1723 1321 1759 in
1350 1720 1478 1760 Cerer.
1516 1736 1553 1761 v.
1586 1728 1654 1762 32.

290 1786 427 1825 stn.

374 1851 461 1894 ead.
493 1853 521 1893 l.
556 1857 621 1893 11.
652 1849 1089 1906 Κατηχοῦμενος]
1132 1852 1332 1902 Proprium
1361 1853 1657 1903 Christianorum

288 1923 458 1961 verbum.
515 1921 594 1960 Res
624 1924 749 1960 notior
777 1929 860 1972 est,
901 1936 1011 1971 quam
1046 1929 1089 1959 ut
1118 1923 1153 1959 ei
1182 1922 1321 1959 diutius
1350 1923 1547 1960 immorari
1562 1937 1656 1971 opus

289 1990 360 2027 sit:
390 1990 548 2027 observo
573 1997 724 2039 tamen,
766 1991 805 2028 in
831 1984 957 2028 'Asino
993 1989 1040 2027 de
1069 1989 1218 2026 animali
1246 1991 1438 2038 usurpari,
1479 2004 1562 2027 cum
1590 1990 1659 2028 do-

291 2063 413 2105 cetur3
445 2063 482 2094 et
510 2058 550 2094 in
576 2056 661 2096 Jov.
693 2057 808 2106 Trag.
839 2057 937 2106 quod
967 2058 1186 2105 opusculum
1216 2063 1315 2094 certe
1334 2055 1566 2095 Lucianeum
1588 2064 1657 2106 est,

289 2122 339 2161 de
368 2125 493 2171 pueris
523 2138 555 2162 c.
584 2129 652 2163 39.
684 2126 747 2173 qui
775 2126 880 2162 locus
910 2126 1028 2172 probe
1058 2125 1248 2162 observari
1277 2130 1454 2161 meretur.
1496 2123 1658 2165 »ἕο-[ΑΝ.

289 2187 495 2229 ΒΙειΠίΐθεῐθ
532 2191 580 2230 ad
622 2190 918 2230 Christianorum
944 2191 1170 2231 catecheses
1206 2191 1360 2241 alludit,
1401 2196 1439 2229 et
1477 2188 1660 2243 Catechu-

290 2270 434 2296 menos.
495 2258 629 2296 GESN.

377 2325 465 2364 ead.
495 2326 524 2365 Ι.
557 2331 623 2365 12.
649 2320 729 2371 ζΩς
759 2323 845 2379 δὲῤ
863 2322 967 2377 dlv]
997 2325 1060 2365 Ex
1088 2329 1272 2375 scriptura
1301 2339 1404 2364 sacra
1432 2326 1543 2373 petita
1567 2323 1659 2362 haec

293 2393 431 2441 imago.
462 2393 555 2432 Vid.
586 2393 656 2431 Ps.
674 2392 758 2442 CH,
781 2398 848 2443 25,
880 2393 985 2433 CIV.
1016 2394 1145 2432 Hebr.
1175 2395 1206 2433 I.
1235 2401 1273 2432 et
1300 2394 1370 2431 Es.
1394 2390 1602 2440 XXXIV,
1618 2394 1658 2430 4.

293 2457 532 2510 Quamquam
553 2461 637 2498 aliis
658 2462 785 2509 paullo
805 2463 929 2500 verbis
949 2476 1011 2500 res
1041 2462 1171 2500 eadem
1188 2467 1498 2510 repraesentatur.
1540 2460 1657 2496 Glem.

284 2525 426 2571 „Alea
455 2541 494 2575 p.
527 2532 594 2567 30.
626 2525 672 2565 C.
714 2527 866 2579 SoLAN.
925 2526 981 2567 Ita
1024 2527 1064 2567 οἷ
1091 2524 1124 2567 ο’
1157 2527 1228 2568 Ps.
1259 2525 1368 2578 CIV,
1401 2531 1441 2567 2.
1480 2524 1659 2566 ἐκτείνων

291 2589 363 2632 ’τὸν
393 2589 563 2648 οὐρανὸν
596 2589 683 2642 ὦςεὶ
712 2590 856 2648 ὃέρῥιν.
917 2592 1056 2638 Οκευᾴ

1171 2670 1181 2686 l

1730 242 1733 281 ἱ
