1768 3125
230 180 292 210 ιΝ
341 179 715 210 οοΝνινισΜ
761 181 872 211 suu
920 182 1267 213 LAPlTuAs.
1338 171 1431 214 353

59 300 165 336 ciani
202 298 294 348 styli
329 301 578 347 properantis.
629 298 815 339 Μυκη..
863 294 940 346 ’Ὃς
968 295 1145 352 ἀκριβῶς
1174 297 1291 349 οἶδα]
1332 302 1433 342 Scri-

61 373 207 416 pturam
236 365 314 404 Ms.
346 365 430 404 Ox.
461 368 498 404 in
529 375 673 406 textum
701 370 926 417 recepimus:
969 370 1161 418 vulgatam
1189 372 1290 408 enim
1319 367 1433 424 ἀκρι-

61 436 146 483 βῶς
190 429 415 485 γιγνώσκων
467 436 591 483 palam
636 443 848 484 corruptam
895 449 980 474 esse
1029 451 1139 475 nemo
1186 452 1260 476 nou
1306 439 1434 490 videt3

62 517 129 550 pro
166 516 237 549 qua
266 501 365 540 Bas.
399 507 437 540 2.
469 510 505 541 et
535 503 632 540 Par.
672 510 918 551 reposuerunt
947 501 1124 556 ἀκριβῶς
1151 501 1434 557 γιγνώσκοντα,

62 569 175 618 quod,
206 570 238 606 si
266 584 334 618 per
365 568 484 608 codd.
516 571 658 619 liceret,
690 572 900 619 probarem.
955 570 1058 622 Quid
1089 579 1213 611 autem
1243 574 1437 614 Marcili«)

61 638 99 674 in
129 644 293 675 mentem
319 639 485 687 venerit,
515 652 580 675 cur
608 652 698 676 mox
727 637 938 686 ἐπιθυμῶν
967 635 1016 676 τὰ
1046 636 1090 676 δὲ
1115 641 1282 692 legeret,
1311 656 1435 693 nemo,

62 705 196 753 credo,
228 707 463 755 expiscetur3
503 719 625 753 neque
652 704 783 754 credo,
814 704 1018 753 quidquam
1046 714 1227 747 mutatum
1255 711 1435 761 voluisse,

61 772 129 810 sed
158 780 299 810 tantum
325 787 439 821 prave
468 773 729 820 exscripsisse.
766 769 920 810 SoLAN.
959 768 1156 824 Ἀκριβῶς
1183 773 1433 827 γιγνώσκων]

61 839 167 878 Illud
199 836 243 885 ὃς
272 836 360 891 ιῖκρ.
393 835 506 888 οἶδα,
543 839 642 888 quod
671 839 809 878 Solan.
840 841 880 876 in
910 846 1056 877 textum
1083 851 1301 892 receperat,
1342 845 1434 883 mihi

61 908 186 957 glossa
214 907 387 955 videtur,
417 921 512 955 quae
541 904 586 946 τὸ
616 902 843 958 γιγνώσκων
872 908 1046 955 exposuit
1070 922 1139 956 per
1169 905 1213 955 ὃς
1243 905 1355 961 offla,
1395 919 1437 950 ut

61 989 102 1014 re
145 988 234 1013 vera
275 974 554 1023 exponendum·
580 981 663 1024 est3
716 989 785 1024 ac,
825 976 859 1013 si
888 975 978 1023 quid
1005 976 1250 1028 mutandum,
1292 975 1435 1031 γιγνώ-

61 1056 208 1081 σκοντα
238 1044 362 1090 potius
387 1056 437 1080 ex
466 1041 563 1080 Par.
595 1056 637 1080 ac
665 1042 765 1081 Bas.
797 1047 837 1081 2.
865 1044 1095 1093 reciperem3
1126 1045 1193 1083 sed
1222 1052 1260 1084 et
1288 1046 1356 1085 has
1386 1061 1436 1086 ex

60 1113 271 1157 conjectura
310 1111 364 1147 sic
405 1110 555 1148 dedisse
597 1112 780 1158 suspicor.
836 1109 946 1148 Jens.
988 1110 1037 1148 ad
1063 1110 1199 1151 Reviv.
1239 1127 1272 1152 c.
1308 1120 1371 1153 13.
1402 1116 1434 1153 f.

60 1178 327 1216 soloecismum
365 1177 406 1214 id
444 1184 579 1227 vocat,
623 1178 796 1226 exempla
834 1185 958 1216 tamen
983 1180 1118 1217 similis
1147 1184 1433 1221 constructionis

60 1245 203 1294 adfert,
247 1252 358 1293 atque
397 1245 528 1282 eadem
569 1247 712 1292 omnia,
755 1246 867 1283 nimis
907 1259 1063 1293 severe,
1106 1247 1269 1286 damnat.
1337 1249 1434 1288 Nam

60 1313 152 1350 adeo
183 1314 360 1361 frequens
389 1320 446 1350 est
474 1315 692 1350 nominativi
721 1327 813 1351 usus
841 1327 910 1361 pro
939 1313 1118 1363 obliquo,
1145 1322 1187 1353 ut
1212 1315 1252 1353 id
1279 1317 1434 1366 linguae

59 1383 171 1430 genio
212 1380 448 1418 tribuendum
487 1382 639 1430 potius,
684 1395 796 1429 quam
833 1381 1098 1430 corrigendum
1133 1383 1195 1420 sit.
1254 1382 1304 1421 Et
1342 1385 1436 1423 mihi

59 1447 120 1485 hic
158 1448 312 1496 perinde
341 1449 437 1494 erit,
476 1449 734 1486 absolutmnne
763 1450 1029 1487 nominativum
1057 1463 1142 1487 cum
1170 1447 1435 1491 Grammaticis

60 1529 194 1563 voces,
242 1529 288 1552 an
337 1517 572 1564 participium
616 1530 782 1565 exponas
828 1531 896 1565 per
932 1515 1186 1567 periphrasin,
1238 1522 1305 1570 qui
1342 1523 1432 1559 scio.

62 1582 186 1621 Diod.
217 1583 298 1622 Sic.
329 1582 381 1621 II.
425 1598 458 1622 c.
491 1586 558 1622 35.
589 1598 647 1633 pr.
710 1578 765 1620 ‘H
798 1583 930 1622 τοίνυν
956 1581 1108 1635 Ἰνδικὴ
1146 1582 1436 1640 τετράπλευρος

63 1643 165 1689 οὖσα
205 1652 261 1704 τῷ
306 1646 479 1701 σχήματι
508 1673 566 1679 -
603 1646 627 1702 ’ἢ
669 1647 822 1702 μεγάλη
863 1648 1028 1703 περιέχει
1066 1647 1279 1703 θάλαττα,
1329 1656 1357 1693 i.
1397 1663 1432 1693 e.

61 1728 244 1770 quantum
273 1717 330 1756 ad
353 1717 511 1756 Indiam
544 1726 614 1756 etc.
673 1717 785 1756 Idem
822 1718 873 1757 ib.
915 1729 948 1756 c.
979 1722 1047 1757 48.
1089 1716 1126 1757 οἳ
1166 1718 1232 1769 δὲ,
1272 1718 1434 1761 ἐπιδιώ-

62 1800 196 1832 κοντες
227 1809 276 1816 -
320 1783 357 1824 οἷ
394 1784 468 1836 μὲν
504 1781 762 1824 ἀπόλλυνται.
820 1785 890 1824 Ad
919 1788 1084 1835 priorem
1112 1788 1236 1826 locum
1267 1788 1433 1828 Wessel.

62 1854 136 1892 (luo
180 1855 320 1893 similia
357 1854 482 1904 addit,
521 1861 559 1892 et
592 1854 639 1892 ad
669 1853 895 1892 Commentt.
952 1854 1050 1893 ΑΒΖ.
1080 1853 1132 1893 Π.
1167 1861 1231 1894 11.
1267 1863 1305 1894 et
1336 1857 1436 1897 Gro-

60 1935 145 1960 nov.
188 1921 234 1959 ad
263 1920 457 1960 Herodot.
486 1920 553 1970 II,
595 1926 662 1960 66.
720 1935 954 1971 provocans,
993 1929 1095 1960 recte
1124 1923 1201 1971 ait,
1240 1937 1321 1961 rem
1350 1938 1436 1963 esse

61 1990 279 2038 vulgarem:
323 2003 436 2037 quare
476 2003 526 2027 ex
554 1991 736 2026 immensa
765 1991 869 2037 copia
898 1989 1080 2037 quaedam
1107 1996 1249 2027 tantum
1276 1991 1322 2028 de
1351 1991 1434 2030 No·-

61 2066 141 2095 stro
172 2057 441 2105 subjungemus
458 2083 469 2104 ,
510 2058 543 2094 si
582 2057 678 2094 forte
713 2057 906 2104 vincatur,
949 2055 1044 2093 nihil
1081 2055 1142 2094 hic
1178 2058 1217 2094 in
1255 2056 1434 2098 Luciam>

62 2123 294 2161 mutandum.
354 2120 493 2160 Confer
528 2124 641 2171 igitur
680 2130 828 2170 praeter
866 2122 940 2159 duo
968 2124 1105 2160 similia
1134 2117 1323 2174 ὖμᾶς,-
1361 2122 1433 2164 ἆν-

64 2186 264 2241 εχόμενοι,
305 2195 343 2227 et
380 2187 602 2241 Κρωνίωνα
634 2185 916 2237 Ἀστράῑῑτιον,
955 2189 1003 2227 ad
1040 2188 1170 2240 Fugit.
1208 2205 1239 2229 c.
1280 2197 1319 2230 2.
1357 2195 1434 2240 jam

63 2259 258 2307 adlegata,
301 2255 404 2309 (licet
431 2257 504 2294 alia
529 2258 747 2294 nominativi
776 2263 962 2294 structura
985 2259 1217 2296 occasionem
1243 2259 1296 2296 ibi
1324 2274 1432 2308 prae-

62 2327 172 2363 bente
214 2326 342 2372 (etiam
375 2324 582 2362 Gesner-um
620 2324 667 2361 ad
696 2323 902 2372 Philopatr.
933 2314 1015 2373 cap.
1047 2329 1114 2363 23.
1172 2324 1222 2363 Et
1249 2339 1298 2363 ex
1325 2325 1434 2366 Novo

62 2392 182 2432 Foed.
220 2391 321 2430 Act.
354 2391 500 2440 Apost.
530 2390 637 2439 XX,
683 2397 721 2429 3.
767 2387 957 2442 Ποιήσας
993 2405 1033 2430 τε
1074 2393 1205 2443 μῆνας
1247 2397 1350 2446 τρεῖς
1375 2416 1433 2424 --

65 2458 212 2511 ἐγένετο
241 2454 395 2510 γνώμη.
437 2458 612 2507 Apocal-
645 2457 724 2507 III,
757 2463 824 2497 12.
861 2453 908 2496 ‘O
937 2459 1080 2507 νικῶν,
1109 2455 1265 2510 ποιήσω
1295 2456 1431 2500 αὐτόν.

64 2526 114 2565 Et
147 2541 185 2565 v.
229 2531 296 2565 21.
329 2520 376 2564 ‘O
416 2527 554 2574 νικῶν,
597 2522 715 2564 δώσω
748 2522 870 2579 αὐτῷ.
927 2525 1025 2576 Lys.
1056 2524 1127 2564 Or.
1156 2527 1202 2564 de
1230 2525 1430 2576 Aristoph-

64 2597 150 2634 bon.
178 2609 263 2645 pag.
295 2598 390 2633 348.
430 2593 504 2630 Ed.
533 2592 664 2630 Lond.
706 2589 860 2643 ἀκήκοα
893 2589 970 2646 γὰρ
1000 2590 1118 2645 ἔγωγε
1150 2616 1201 2624 -
1242 2589 1302 2632 ὅτι
1329 2595 1431 2633 πολ-

67 2663 147 2701 λῶν
175 2657 400 2712 ἐψεύσθητε
427 2661 499 2711 τῆς
528 2657 679 2706 οὐσίας.
719 2659 786 2699 καὶ
816 2660 907 2711 (vel
937 2658 1002 2708 οἱ)
1033 2658 1176 2707 ζῶντες
1201 2657 1276 2710 μὲν
1303 2662 1430 2700 πλου-

113 2727 268 2761 Luciam
296 2726 378 2761 Vol.
406 2726 479 2760 IX·-
