1740 3095
326 148 420 190 368
610 157 1386 190 ΑΒΝοΤΑΤιοΝΕε

323 282 406 330 quis
429 275 694 332 yeyaemqptgvog.
723 277 881 316 sonu.
919 276 1027 315 Jens.
1047 278 1241 328 vulgatum
1266 279 1444 319 defendit.
1490 278 1568 319 Sed
1589 283 1621 319 si
1643 282 1690 319 ad

317 345 518 401 χρήσιμος
544 347 716 394 pertinet,
746 346 870 392 potius
892 339 1097 394 γενόμενος
1115 346 1282 384 dixisset.
1323 347 1471 388 Rsrrz,
1520 347 1688 397 Utraque

322 418 434 455 lectio
453 415 587 461 habet,
619 427 692 461 quo
714 412 911 460 probetur,
940 425 1013 449 non
1034 413 1124 450 item
1149 408 1366 464 γενόμενος,
1396 416 1493 463 quod
1512 415 1690 454 Reitzius

322 484 473 522 foedum
510 482 686 518 orationis
718 481 850 517 vitium
882 493 956 517 non
986 480 1142 518 debebat
1172 483 1343 528 scriptori
1371 490 1496 521 nostro
1524 485 1689 521 tribuere

320 552 437 589 velle.
466 548 632 597 Optione
652 555 776 585 autem
799 547 883 584 data
905 561 987 584 eam
1006 549 1166 595 praetuli
1186 549 1405 598 lectionem,
1436 565 1547 598 quam
1571 552 1689 599 pluri-

320 620 392 657 mis
411 618 590 655 bonarum
606 614 822 652 Editionum
843 615 1026 663 exemplis
1045 616 1319 663 comprobatam
1339 616 1515 655 viderem.
1546 617 1686 655 LEnM.

405 684 492 723 ead.
523 684 551 721 l.
583 688 622 722 7.
665 677 1092 730 Ἑτοιμοκλέους]
1145 681 1375 731 Scripturam
1400 683 1494 721 hanc
1520 693 1688 722 constan-

321 762 377 793 ter
413 758 564 791 tuentur
603 751 740 797 ubique
777 749 865 786 libri
902 763 1031 787 omnes
1070 751 1201 787 nostri.
1261 749 1344 799 Ego
1373 758 1497 788 tamen
1520 754 1689 800 suspicor

320 822 479 861 eundem
517 832 601 857 esse
635 831 719 854 cum
760 830 829 863 eo!
870 819 930 854 cui
968 831 1075 855 suum
1118 818 1164 856 de
1193 817 1371 856 Mercede
1400 818 1589 856 conductis
1616 825 1687 856 etc.

318 889 491 928 libellum
528 887 682 933 scribit,
723 886 890 932 quamvis
918 883 1106 922 Timocles
1143 886 1220 923 illic
1251 886 1417 933 dicatur,
1456 900 1529 922 non
1557 893 1599 923 nt
1627 884 1690 924 hic

313 952 593 1004 ‘EmtptonZg'
630 952 705 990 vid.
737 951 797 988 De
827 950 947 989 Merc.
979 950 1094 988 Cond.
1126 966 1157 989 c.
1191 957 1229 989 2.
1257 960 1327 990 etc.
1358 953 1514 992 sorix.
1557 948 1687 991 Ἑτοι-

317 1021 538 1075 μοκλέους]
583 1018 616 1057 Ι.
646 1034 680 1056 e.
707 1020 813 1066 quasi
837 1028 1030 1066 paratus,
1061 1022 1095 1057 εἰ.
1123 1029 1298 1066 vocetur,
1337 1026 1378 1056 ut
1407 1034 1520 1067 supra
1549 1020 1688 1058 dictum

319 1105 400 1139 cap.
426 1094 462 1127 1.
488 1085 727 1135 Alcipbroni
743 1084 815 1123 III.
847 1084 920 1133 Ep.
955 1090 1019 1125 55.
1051 1087 1118 1124 sub
1147 1088 1226 1123 init.
1257 1086 1436 1136 Εύοκλῆς
1466 1081 1484 1124 ὃ
1511 1084 1688 1132 Στωϊκὸς

318 1157 484 1205 fingitur,
515 1156 579 1202 qui
608 1167 628 1190 a
654 1152 845 1200 Berglero
875 1149 1079 1202 Ἐτεοκλῆς
1107 1154 1170 1190 vel
1192 1148 1449 1202 Ἑτοιμοκλῆς
1474 1154 1684 1202 refingitur,

319 1224 420 1273 quod
448 1224 513 1260 vix
546 1219 656 1259 credo
688 1232 782 1267 opus
811 1232 908 1256 esse.
957 1217 1033 1256 Sed
1063 1220 1150 1268 quid
1174 1220 1325 1258 demum
1348 1220 1492 1258 refert?
1532 1220 1686 1260 Rmrz.

403 1291 504 1338 Pag.
543 1293 610 1326 60.
652 1287 679 1325 l.
722 1292 762 1325 8.
798 1283 871 1323 Ἐν
909 1282 1176 1337 γειτόνων]
1215 1288 1424 1325 Adleverat
1463 1287 1684 1327 Hemsterlz.

316 1358 517 1398 videndum
545 1355 659 1393 Kufst.
700 1355 747 1392 ad
775 1351 981 1402 Aristoph.
1015 1353 1161 1392 Eccles.
1202 1368 1238 1392 v.
1277 1359 1372 1393 420.
1431 1353 1489 1392 Ibi
1521 1357 1684 1405 invenio,

317 1427 363 1464 ad
400 1426 513 1464 verba
542 1420 823 1471 Aristophanis
861 1420 900 1466 ἐς
940 1422 1020 1459 τῶν
1060 1420 1343 1471 σκυλοδεψῶν,
1386 1430 1684 1472 commentatum,

319 1489 425 1532 οἶκον
455 1492 628 1540 intelligi,
659 1498 695 1529 et
721 1497 806 1538 post
832 1490 905 1526 alia
935 1489 1073 1526 similia
1100 1491 1212 1527 etiam
1240 1489 1311 1527 hoc
1338 1488 1508 1526 Luciam‘
1536 1488 1575 1527 ἐν
1603 1503 1684 1540 γει-

316 1558 442 1600 τόνων
471 1560 679 1608 prolatum,
710 1572 783 1595 non
810 1571 900 1594 vero
929 1556 976 1594 de
1004 1555 1074 1594 hac
1103 1558 1308 1605 posteriore
1335 1558 1523 1595 locutione
1551 1557 1681 1595 sedulo

317 1636 463 1676 actum3
494 1626 561 1664 sed
588 1626 661 1662 vid.
689 1626 721 1662 si
749 1625 839 1673 quid
869 1637 985 1672 opus,
1023 1625 1132 1661 eund.
1162 1624 1278 1662 Kust.
1309 1625 1353 1661 ad
1384 1623 1486 1661 Pluti
1513 1638 1550 1662 v.
1584 1628 1681 1664 435.

316 1696 380 1733 ubi
420 1694 460 1732 ἐκ
501 1699 539 1731 et
582 1691 622 1729 ἓν
662 1686 845 1742 γειτόνων
881 1691 1071 1728 nonnullis
1110 1692 1292 1738 exemplis
1322 1692 1485 1740 profert3
1540 1700 1577 1730 et
1605 1692 1682 1730 No-

317 1771 436 1800 strum
464 1774 576 1808 supra
601 1758 695 1796 Icar.
727 1773 759 1796 c.
793 1763 830 1796 8.
863 1765 899 1795 et
932 1762 996 1796 16.
1026 1757 1096 1795 Bis
1124 1757 1221 1795 Ace.
1253 1771 1284 1795 c.
1311 1763 1374 1795 10.
1408 1774 1463 1806 pr.
1493 1767 1530 1796 et
1559 1765 1626 1798 31.
1651 1761 1679 1797 s.

317 1829 379 1868 Ac
407 1828 576 1876 Philops.
611 1841 643 1864 c.
675 1831 741 1864 25.
774 1823 966 1862 Abresclz.
997 1826 1035 1861 in
1061 1823 1265 1862 Animadv.
1299 1824 1485 1876 Aeschyl.
1515 1841 1552 1874 p.
1588 1832 1681 1865 174.

318 1900 549 1945 suspicatur,
591 1907 639 1931 ne
669 1894 794 1941 ellipsi
824 1892 974 1940 quidem
1002 1893 1072 1930 τοῦ
1102 1888 1222 1944 οἴκῳ,
1267 1887 1374 1944 τόπῳ
1406 1901 1469 1930 aut
1495 1895 1683 1932 similibus

318 1979 411 2013 opus
441 1977 523 2001 esse
552 1963 589 1998 in
618 1961 698 2009 his3
731 1974 815 1998 cum
844 1969 881 1997 et
909 1960 1000 1997 alias
1031 1959 1070 1997 ἐν
1099 1961 1260 2008 genitivo
1290 1961 1482 2009 jungatur,
1512 1968 1554 1997 ut
1583 1961 1680 2009 apud

318 2029 493 2071 Ariszid.
537 2028 608 2066 Or.
639 2027 769 2065 Eleus.
813 2034 907 2065 extr.
949 2024 1019 2065 οὐκ
1052 2049 1099 2055 —
1143 2021 1197 2063 ἔτι
1228 2048 1274 2053 -
1319 2025 1358 2063 ἐν
1400 2021 1513 2075 ὑμῶν
1548 2023 1679 2065 αὐτῶν

318 2096 479 2145 ἔσεσθε,
518 2098 606 2133 item
645 2094 690 2132 Τ.
730 2093 783 2132 II.
817 2109 855 2142 p.
888 2098 984 2132 402.
1025 2091 1184 2144 γένεσθε
1224 2091 1263 2131 ἐν
1298 2087 1411 2142 ὑμῶν
1450 2091 1596 2140 αὐτῶν,
1642 2101 1680 2132 et

318 2182 355 2216 p.
391 2169 484 2204 347.
526 2161 657 2213 μένετε
699 2161 738 2200 ἓν
777 2156 889 2211 ὑμῶν
926 2159 1070 2200 αὐτῶν.
1140 2159 1197 2198 At
1235 2174 1317 2197 cum
1353 2162 1391 2197 in
1429 2163 1680 2200 usitatissimis

317 2235 396 2271 illis
425 2240 462 2270 et
487 2243 640 2268 numero
669 2230 779 2277 louge
808 2229 1037 2277 potioribus,
1076 2227 1117 2266 ἐν
1145 2235 1182 2265 et
1212 2227 1266 2272 εἷς
1290 2224 1598 2276 Ἀρισταινέτου,
1639 2228 1679 2267 ἐν

311 2295 583 2352 Ἆλιιφιλόχου,
627 2310 720 2344 quae
751 2297 834 2333 vide
862 2295 997 2345 Symp.
1028 2310 1060 2333 e.
1095 2300 1131 2333 1.
1162 2301 1199 2332 et
1227 2293 1394 2342 Philops.
1426 2309 1506 2343 cap.
1538 2301 1606 2334 38.
1636 2309 1678 2334 ac

316 2370 402 2417 plus
439 2367 576 2404 centies
606 2365 712 2410 alibi)
750 2378 859 2401 nemo
887 2364 1080 2411 neg-averit
1108 2362 1257 2409 ellipsin
1287 2375 1392 2410 esse3
1433 2362 1521 2410 quid
1550 2361 1677 2410 prohi-
1724 2365 1734 2368 ”

317 2437 391 2482 bet,
422 2446 582 2482 quaeso,
610 2431 767 2469 eandem
796 2431 1003 2478 analogiam
1030 2428 1091 2466 hic
1119 2431 1318 2466 statuisse?
1359 2427 1408 2465 Et
1437 2443 1519 2466 cum
1549 2442 1676 2466 omnes

315 2503 423 2539 fateri
452 2505 652 2549 cogantur,
682 2500 720 2535 in
748 2497 971 2535 Latinorum
999 2495 1150 2545 phrasi,
1180 2494 1237 2532 ad
1262 2494 1442 2544 Dianae,
1482 2494 1537 2532 ad
1565 2496 1677 2532 Cere-

314 2572 394 2618 ris,
448 2581 491 2605 ac
525 2566 709 2604 similibus
726 2593 736 2613 ‚
789 2563 921 2601 aedem
960 2564 1146 2612 intelligi,
1201 2576 1270 2599 nec
1306 2563 1500 2610 ‹piisquam
1538 2562 1676 2600 dixerit

314 2649 486 2685 praepos.
516 2633 571 2672 ad
596 2633 648 2670 ibi
676 2633 882 2681 genitivum
908 2644 1056 2680 regere,
1081 2643 1148 2668 cur
1173 2630 1273 2667 idem
1297 2642 1372 2666 non
1392 2641 1676 2677 agnosceremus
1724 2663 1730 2668 .
