1740 3095
286 165 378 208 668
643 179 707 210 DE
749 178 963 211 AETATE
1001 178 1065 210 ΕΤ
1103 179 1345 212 AUCTORE

287 305 389 337 tores
419 299 561 348 aliquot
596 299 635 337 in
671 299 798 337 codice
827 297 1093 338 Theodosiano
1132 307 1169 339 et
1197 299 1391 351 Novellis,
1430 307 1467 340 et
1505 301 1656 352 reliqui.

284 366 392 406 Haec
430 368 509 415 ipsa
552 379 681 404 caussa
723 374 800 414 est,
843 367 942 416 quod
969 366 1250 417 Lexicographi
1285 370 1531 407 communiter
1562 369 1658 408 hanc

285 448 415 474 vocem
445 436 644 482 omittunt,
686 434 733 471 ad
774 435 957 483 glossaria
985 436 1127 474 scilicet
1154 436 1284 483 lapsae
1315 434 1536 475 Graecitatis
1575 451 1659 475 eam

285 503 510 552 relegantes.
568 500 675 539 Idem
713 502 910 540 dicendum
948 502 995 540 de
1030 505 1180 541 nomine
1209 500 1426 549 Πολιτικὸς
1455 517 1488 541 c.
1521 508 1588 543 19.
1618 506 1658 542 in

285 577 464 617 quantum
493 565 682 619 ἐξισωτῆν
712 569 910 618 significat.
969 569 1101 618 Atque
1139 572 1212 608 ista
1240 571 1390 618 quidem
1430 572 1658 620 generaliter

285 636 347 674 hic
396 639 586 675 monuisse
633 637 810 675 sufficiat.
868 636 924 675 Ita
964 637 1158 676 Galilaeos
1206 638 1306 686 quod
1344 646 1452 677 vocat
1491 638 1659 688 Triepho

287 703 546 754 Christianos,
586 711 648 742 aut
687 706 907 742 recentioris
935 706 1095 743 multum
1123 704 1293 743 Luciano
1333 707 1551 754 scriptoris,
1595 713 1660 745 aut

285 773 536 820 antiquissimi
564 773 744 810 indicium
770 773 979 811 credimus:
1020 787 1106 811 cum
1133 786 1224 811 vero
1252 774 1555 822 antiquissimum
1584 787 1659 813 non

286 853 397 888 esse,
437 840 499 877 vel
527 840 631 877 solus
657 839 924 879 Artemidorus
952 843 992 878 in
1035 855 1079 879 eo
1114 840 1288 878 laudatus
1329 849 1487 891 arguat,
1530 855 1663 879 conse-

285 920 403 955 quens
433 913 512 953 est,
543 914 585 945 ut
612 910 859 946 recentiorem
887 909 1067 947 dicamus.
1128 906 1207 946 Sed
1245 916 1282 946 et
1318 908 1414 946 hanc
1441 909 1662 957 disputatio-

284 987 372 1012 nem
400 974 628 1012 commodius
657 975 887 1013 differemus.
948 974 1149 1014 Caeterum
1189 974 1261 1012 hoc
1288 977 1432 1014 referre
1473 977 1556 1014 fere
1595 990 1661 1014 au-

285 1040 422 1090 deam,
452 1041 551 1089 quod
582 1038 858 1091 πολτάσχο).ος
882 1039 1149 1093 μαθηματικὴ
1187 1050 1365 1091 vocatur,
1402 1044 1555 1081 insolito
1593 1044 1661 1081 bo-

285 1110 345 1146 nis
375 1109 618 1156 scriptoribus
649 1109 863 1156 duplicandi
892 1124 960 1147 seu
990 1110 1235 1158 componendi
1264 1124 1429 1159 genere,
1471 1117 1509 1148 et
1533 1113 1661 1148 nescio

285 1176 376 1225 quid
410 1175 603 1214 affectatae
639 1177 858 1225 fucataeque
905 1177 1076 1215 dictionis
1118 1178 1311 1225 sapiente,
1366 1191 1461 1226 quae
1508 1179 1661 1216 saeculo

286 1250 441 1293 quarto,
480 1250 518 1281 et
547 1243 721 1292 deinceps
750 1245 947 1293 paullatim
972 1247 1011 1282 in
1041 1244 1238 1282 Graeciam
1265 1258 1288 1282 a
1316 1246 1473 1293 pristino
1503 1246 1663 1285 candore

291 1311 550 1350 deflectentem
579 1314 744 1360 irrepere
782 1314 917 1360 coepit.
977 1308 1162 1362 Ξυνωρὶς
1191 1312 1288 1360 apud
1317 1314 1508 1362 antiquos,
1547 1328 1665 1363 quan-

287 1386 367 1418 tum
396 1387 566 1418 constare
595 1379 688 1416 mihi
717 1381 861 1428 potuit,
905 1386 1049 1417 tantum
1089 1379 1135 1417 de
1162 1370 1249 1428 biga
1278 1393 1461 1427 equorum
1488 1381 1552 1419 vel
1579 1395 1663 1419 mu-

285 1448 410 1484 lorum
439 1447 660 1485 adhibetur:
693 1448 792 1496 apud
821 1447 1002 1486 Nostrum
1030 1449 1070 1484 in
1099 1447 1174 1485 fine
1205 1447 1346 1496 dialogi
1377 1439 1408 1486 ὦ
1438 1445 1539 1499 καλὴ
1569 1448 1662 1494 ξυν-

288 1514 384 1566 ωρὶς
413 1515 459 1552 de
487 1517 692 1553 amicorum
732 1517 813 1564 pari
840 1516 1000 1563 dicitur,
1042 1514 1228 1562 quomodo
1270 1516 1382 1552 etiam
1424 1515 1522 1563 apud
1563 1530 1685 1565 eum„

288 1584 353 1630 qui
404 1584 520 1620 vitam
571 1581 747 1632 Gregorii
794 1582 1023 1622 Nazianzeni
1080 1583 1254 1631 scripsit,
1318 1579 1470 1633 ζηλωτὴ
1535 1582 1663 1629 ξυνω-

292 1649 353 1702 ρὶς
406 1651 452 1687 de
507 1649 683 1699 Gregorii
726 1657 764 1688 et
809 1650 949 1688 Basilii
998 1651 1184 1699 amicitia,
1249 1656 1287 1687 et
1335 1651 1485 1698 saepius
1533 1650 1667 1690 deinde

291 1717 388 1765 apud
417 1720 610 1765 sequiores
652 1717 790 1754 dictum
828 1719 990 1766 reperio.
1051 1716 1115 1754 Sic
1155 1711 1302 1768 κράτος
1339 1731 1406 1765 pro
1435 1715 1665 1766 Imperatore

288 1786 328 1822 in
356 1787 439 1832 ipso
467 1785 542 1822 fine
570 1786 692 1822 libelli
722 1786 885 1833 positum
915 1798 964 1821 ex
993 1783 1547 1822 Nazianzenoillustravimus.
1572 1783 1663 1822 *Sed

290 1852 337 1889 de
366 1866 437 1890 usu
464 1854 596 1890 talium
625 1853 891 1890 vocabulorum
933 1851 1050 1888 nolim
1076 1851 1241 1898 profecto
1282 1852 1505 1889 contendere
1547 1851 1665 1890 vehe-

290 1920 466 1957 mentius,
525 1919 630 1957 Fieri
659 1921 757 1957 enim
785 1920 963 1956 facillime
992 1920 1031 1956 in
1059 1924 1159 1955 tanta
1187 1919 1406 1966 scriptorum
1433 1916 1664 1956 Graecorum

291 1989 396 2035 copia
434 1994 581 2037 potest,
625 1988 760 2035 quibus
796 1986 965 2036 legendis
1011 1987 1077 2023 vix
1117 1993 1219 2024 aetas
1265 1985 1477 2034 sufficeret,
1526 1985 1664 2026 nedum

290 2056 471 2092 memoria
498 2054 878 2103 comprehendendis,
910 2061 948 2091 et
982 2054 1109 2101 inopia
1136 2052 1390 2102 Lexicorum,
1431 2060 1473 2090 ut
1511 2054 1664 2102 egregie

291 2123 444 2160 fallatur
472 2122 633 2170 aliquis,
678 2123 863 2171 imprimis
891 2123 926 2159 si
953 2135 1027 2159 non
1056 2122 1177 2159 soleat
1206 2122 1345 2168 scripto
1375 2121 1497 2158 omnia
1536 2122 1665 2159 obser-

292 2198 378 2230 vata
407 2204 473 2228 sua
503 2191 735 2227 committere
747 2192 796 2237 a).
855 2188 1035 2227 Arbitror
1064 2195 1211 2235 autem,
1253 2201 1338 2226 cum
1365 2188 1482 2225 multa
1510 2201 1665 2228 concur-

292 2265 379 2296 runt
405 2253 616 2308 τεκμήρια,
647 2271 742 2305 quae
773 2257 922 2305 singula
952 2256 1103 2304 quidem
1131 2262 1284 2303 possent
1313 2256 1478 2293 oratione
1510 2255 1664 2304 elevari,

293 2326 475 2375 quaedam
504 2326 615 2362 etiam
642 2326 783 2362 ratione
812 2325 932 2372 rejici,
960 2323 1121 2360 hominis
1150 2336 1234 2361 esse
1263 2322 1505 2372 impudentis,
1542 2323 1666 2360 omnia

293 2395 395 2434 velle
424 2393 635 2442 repellere,
674 2393 894 2440 praesertim
923 2392 958 2430 si
987 2391 1168 2440 quaedam
1205 2391 1359 2429 illorum
1398 2389 1444 2428 ad
1482 2391 1664 2438 majorem

339 2563 373 2603 a)
396 2562 452 2594 Sic
476 2559 685 2605 deprehendi
718 2558 809 2602 apud
833 2556 1041 2601 Euripidem
1063 2558 1236 2590 Phoeniss.
1275 2558 1373 2588 1092.
1400 2553 1582 2601 ξυνωρίδα
1606 2554 1663 2588 τέ·-

385 2627 496 2652 κνων.
542 2619 586 2649 Et
608 2625 721 2648 tamen
745 2624 848 2658 putu,
873 2627 974 2649 nsum
999 2616 1114 2649 nostri
1130 2616 1274 2648 auctoris
1296 2626 1369 2650 suo,
1393 2613 1430 2646 id
1454 2621 1512 2654 est,
1543 2620 1663 2655 quarto
1688 2656 1695 2667 x

386 2676 569 2708 senescenti
591 2674 725 2707 saeculo
745 2672 873 2705 deberi.
