1740 3095
314 192 409 236 388
653 190 1423 231 ADNOTATloNEs

315 326 447 375 copias
474 323 513 360 in
541 319 700 359 eundem
728 313 953 365 Prophetam
992 312 1040 351 ad
1078 326 1159 361 cap.
1199 316 1266 351 18.
1303 312 1440 361 quippe
1478 311 1584 359 cujus
1621 310 1679 347 rei

317 391 484 430 meminit
513 386 698 437 Propheta
726 385 765 421 in
790 383 898 420 initio
938 380 1027 419 dicti
1064 380 1221 428 capitis,
1262 380 1327 428 qui
1362 378 1461 428 quod
1486 376 1680 416 Lucienus

318 465 424 500 vocat
453 450 561 505 caput
589 464 862 504 papyraceum,
893 451 996 498 ajunt
1021 447 1136 486 ollam
1162 447 1280 484 fuisse
1305 459 1578 496 papyraceam,
1622 446 1681 482 cui

320 523 575 565 Alexandrini
616 521 814 570 injecerint
863 517 1062 566 epistolam
1098 515 1275 562 scriptam
1311 513 1359 551 ad
1395 513 1571 550 mulieres
1598 510 1683 561 By-

320 595 462 642 blinas,
502 604 576 639 qua
609 587 860 637 significetur,
898 586 1088 622 inventum
1126 594 1210 620 esse
1251 578 1478 618 Adonidem.
1535 578 1684 617 Deinde

322 662 553 710 obsignatam
581 669 663 695 eam
688 655 890 692 immisisse
918 653 958 690 in
986 663 1091 688 mare
1108 678 1120 698 ‚
1162 648 1384 697 quibusdam
1413 648 1525 686 sacris
1549 647 1685 684 ritibus

323 728 522 776 adhibitis,
551 731 589 763 et
616 722 803 761 affirmare
828 720 942 769 illos,
987 719 1053 767 qui
1081 717 1253 763 mittant,
1288 717 1398 753 istam
1423 715 1537 752 ollam
1555 720 1687 762 sponte

325 796 465 835 deferri
492 806 560 842 per
579 804 681 829 mare
708 788 880 839 Byblum
894 815 906 837 ‚
949 793 988 825 et
1025 785 1138 823 finem
1177 784 1302 821 luctus
1326 782 1489 820 indicere
1515 781 1687 818 mulieri-

325 865 396 903 bus
423 861 592 912 Bybliis.
649 855 733 896 Has
765 869 854 893 vero
892 867 977 892 esse
1005 853 1205 901 mulieres,
1247 864 1339 900 quas
1369 850 1465 887 dicat
1493 845 1687 886 Ezechiel.

326 927 444 978 VIII,
483 931 551 967 15.
586 926 717 974 lugere
752 920 954 970 chmmz,
1000 921 1063 969 qui
1098 921 1147 958 sit
1173 917 1348 967 Adonis,
1386 918 1442 955 uti
1482 916 1691 954 observavit

328 996 603 1037 eruditissimus
630 990 819 1030 Selclemcs
848 989 895 1027 de
920 987 1009 1026 Diis
1037 985 1150 1037 Syris
1178 986 1245 1024 lib.
1276 984 1329 1023 II.
1357 998 1438 1032 cap.
1478 983 1687 1021 undecimo.

329 1064 425 1104 Vid.
456 1069 492 1100 et
520 1058 708 1099 Bochami
736 1057 893 1105 Phaleg.
923 1053 999 1104 IV,
1042 1059 1082 1093 2.
1119 1053 1230 1092 Tom.
1270 1052 1303 1091 I.
1344 1050 1504 1090 GRAEV.
1542 1048 1692 1099 Byblos

331 1138 456 1171 autem
482 1127 645 1178 Syriae,
673 1140 750 1164 non
776 1123 951 1173 Aegypti
981 1122 1071 1159 urbs
1100 1127 1179 1169 est3
1208 1134 1256 1158 ne
1284 1132 1400 1157 erres.
1459 1116 1612 1154 SOLAN.

373 1210 376 1213 ·
413 1194 501 1235 ead.
531 1195 560 1232 l.
592 1198 632 1232 4.
667 1188 816 1231 Ἑπτὰ
855 1185 1119 1240 ἡμερέων]
1164 1185 1333 1224 Subaudi
1363 1179 1442 1223 διά.
1475 1182 1639 1222 GUYET.

413 1262 500 1304 ead.
530 1263 559 1300 1.
600 1265 665 1300 10.
711 1255 933 1310 Οὕρεος]
967 1254 1047 1295 Gur
1089 1251 1226 1307 oi-'Qfflg
1264 1268 1338 1292 non
1376 1265 1494 1301 aeque
1527 1249 1696 1288 Ionicum
1739 1276 1740 1280 ,

334 1339 455 1381 esset,
494 1337 604 1378 atque
632 1324 756 1375 ἔτεος,
784 1320 956 1372 πάθεος,
999 1322 1112 1361 modo
1152 1322 1387 1370 praemissa,
1428 1325 1466 1358 et
1495 1311 1694 1368 πελάγεος,
1738 1347 1740 1362 ,

335 1399 435 1452 quod
463 1398 658 1447 sequitur?
715 1394 834 1433 Immo
862 1391 983 1440 magis
1007 1387 1201 1437 Ionicum,
1242 1402 1354 1438 quam
1395 1400 1463 1436 per
1503 1398 1534 1424 ω
1562 1386 1603 1422 in
1629 1384 1696 1422 fin.
1738 1397 1740 1423 .’

331 1468 481 1509 Rmrz.

419 1531 509 1573 ead.
539 1531 566 1569 Ζ.
597 1534 664 1569 13.
699 1522 1018 1571 Θάλασσαν]
1049 1522 1100 1562 Et
1125 1522 1198 1561 hoc
1225 1518 1418 1559 Herodot.
1451 1526 1562 1568 atque
1589 1517 1700 1566 Hip·
1733 1537 1740 1576 f

331 1610 486 1654 peterat.
526 1596 765 1648 praeferunt,
801 1607 875 1631 non
902 1587 1128 1631 θάλατταν.
1185 1588 1236 1627 Et
1272 1590 1323 1627 ita
1359 1589 1399 1626 in
1440 1588 1593 1634 ceteris,
1635 1585 1701 1622 ubi
1732 1594 1740 1641 ’ξ

338 1670 461 1710 Attici
488 1666 550 1705 vel
576 1678 623 1703 ττ
660 1675 811 1710 usur-pa
800 1667 853 1709 lt,
891 1660 953 1697 vel
989 1659 1202 1707 promiscue
1241 1657 1433 1705 scribunt,
1471 1654 1513 1692 hi
1552 1666 1702 1701 semper
1730 1671 1731 1707 Ι

341 1751 405 1787 σσ,
433 1738 472 1774 ἱιι
501 1727 710 1785 ταοάσσω,
742 1725 873 1766 ἆπαλ)
877 1721 1012 1773 άσσω,
1047 1722 1288 1772 Θεσσαλῶν,
1318 1717 1552 1769 τάσσεσθαι,
1581 1717 1700 1770 κρέσ-
1730 1712 1736 1760 ἶ,

341 1819 438 1851 σον,
469 1796 659 1845 ἐλάσσων,
690 1791 890 1846 πράσσειν,
921 1787 1118 1842 πεοισσὸν,
1149 1784 1423 1842 ἆποφράσσειν
1452 1795 1522 1826 etc.
1553 1782 1740 1837 R1121Tz.3

426 1868 513 1909 ead.
543 1868 571 1905 l.
606 1868 670 1904 15.
704 1863 830 1915 Τῇσι
863 1855 1113 1912 ημέρῃσι]
1153 1855 1199 1894 In
1239 1864 1314 1895 vet.
1357 1855 1429 1893 Ed.
1461 1855 1701 1903 Hippocrat.
1728 1846 1740 1895 Ι

342 1943 419 1990 jota
447 1939 486 1975 in
514 1934 573 1973 his
599 1945 673 1970 non
702 1929 959 1969 subscribitur.
1016 1924 1060 1963 Ιιι
1101 1922 1298 1962 Herodoti
1332 1922 1406 1961 Ed.
1449 1920 1582 1972 Steph.
1612 1935 1703 1960 vero
1728 1923 1740 1978 Ι

343 2005 561 2055 subjicitur,
589 2006 631 2038 ut
659 2013 698 2047 p.
728 2001 795 2035 22.
826 1995 915 2047 τῆσι
947 1987 1109 2044 λόρχῃσι
1137 1999 1209 2030 etc.
1265 1989 1412 2029 RErrz.
1728 1997 1740 2035 j÷

428 2069 515 2110 ead.
552 2068 580 2106 l.
620 2071 684 2105 16.
708 2061 753 2102 A
763 2057 958 2101 λλασσε
971 2063 1006 2107 ι]
1040 2058 1105 2098 Sic
1132 2058 1310 2108 decebat3
1351 2057 1429 2097 vid.
1465 2056 1594 2106 paullo
1619 2052 1740 2106 ωηο-Ἰ

341 2135 547 2180 θάλασσα.
604 2132 751 2172 REITz.
1727 2118 1740 2178 ΙΙ

427 2204 529 2253 Pag.
563 2205 629 2240 86.
658 2200 686 2237 l.
717 2204 756 2238 3.
786 2193 968 2242 Ξεΐνε]
999 2193 1129 2243 Bene,
1158 2206 1233 2231 non
1263 2189 1357 2239 ξείε.
1416 2190 1528 2231 Gonf.
1570 2177 1740 2238 ο.12.ΙΙ

345 2281 384 2314 et
410 2268 604 2311 Herodot.
633 2265 709 2305 IX.
741 2267 835 2304 588.
867 2262 913 2302 C.
941 2264 1027 2312 biS,
1055 2275 1098 2299 ac
1126 2274 1250 2308 saepe.
1308 2259 1454 2297 Rmrz.

431 2338 520 2378 ead.
550 2337 577 2374 l.
610 2337 648 2373 5.
675 2330 933 2383 Ἐκείνῃσι
963 2330 1053 2380 τῆς
1091 2323 1340 2379 ημέρησι]
1372 2324 1502 2363 Scribe
1531 2324 1634 2376 τῆσι,
1664 2329 1705 2361 ut
1728 2318 1740 2364 Ι

346 2414 447 2448 recte
476 2406 709 2444 observatum
738 2401 843 2437 initio
872 2397 984 2446 hujus
1011 2397 1184 2445 paginae,
1213 2389 1380 2445 ταύτῃσι
1409 2393 1499 2444 τῇσι
1521 2385 1704 2442 ἦμέρῃσι.
1710 2366 1740 2439 Ι

346 2475 524 2514 Libellus
560 2470 621 2509 hic
658 2467 783 2506 Ionica
810 2467 969 2513 scriptus
1010 2470 1067 2501 est
1106 2463 1278 2499 dialecto.
1325 2459 1440 2499 JENs.
1500 2457 1602 2510 Τῇσι
1629 2456 1704 2498 W.
1725 2453 1740 2533 Ι

348 2544 480 2591 solus3
508 2541 547 2577 in
574 2539 745 2585 impress.
775 2535 875 2571 enim
903 2532 986 2576 τῖς.
1046 2529 1197 2567 SOLAN.
1448 2541 1450 2543 >
1727 2567 1728 2570 Ἰ

432 2606 520 2646 ead.
551 2606 578 2643 l.
613 2608 679 2643 11.
714 2594 886 2644 Ὅδὸι]
927 2597 971 2636 Si
1010 2597 1206 2635 adfectatio
1245 2594 1400 2633 Ionismi
1430 2588 1605 2642 ἀκοιβῶς
1644 2604 1728 2631 se-

349 2675 503 2722 ctanda,
534 2667 653 2710 οὐδὸν
681 2666 913 2707 scribendum
944 2678 1029 2703 cum
1054 2661 1247 2702 Herodot.
1277 2659 1330 2710 II,
1362 2663 1457 2699 103.
1482 2657 1537 2697 A.
1577 2672 1705 2707 quam-
