1758 3125
299 181 696 213 Purnom‘rmms
735 181 1088 217 mssznrATm.
1108 226 1110 228 Ι
1330 171 1423 211 677

0 331 1 341 ,
47 305 247 344 defecisset
276 302 474 354 Julianus,
510 318 586 342 non
615 303 782 342 defuisse
811 305 909 341 inter
938 301 1194 353 Christianos,
1233 304 1302 351 qui
1327 303 1424 340 libe-

44 376 125 400 ram
164 375 294 400 vocem
323 363 472 399 mittere
502 360 706 407 auderent,
750 360 1082 408 infelicitatemque
1110 361 1208 409 ipsi,
1247 367 1424 408 tauquam

44 418 185 456 homini
213 419 350 467 impio,
394 424 505 466 atque
534 419 693 465 imperio
723 419 806 465 ejus
836 418 1111 465 portenderent.
1170 417 1220 455 Et
1248 430 1338 454 sane
1367 419 1423 454 in-

44 488 139 524 gens
177 489 308 513 caussa
351 476 526 523 suberat,
568 489 633 512 cur
672 476 861 511 interitum
891 477 973 521 ejus
1004 481 1174 522 optarent
1204 472 1422 512 Christiani.

44 531 148 583 Quid
186 534 286 569 enim
320 545 473 580 sperare
511 531 613 569 aliud
651 538 822 580 poterant
862 545 884 568 a
926 533 1067 569 victore
1106 531 1269 580 reduce,
1311 544 1423 578 qnam

43 589 225 626 bonorum
266 589 522 637 direptiones,
562 588 778 637 infamiam,
821 594 857 626 et
895 589 1061 636 corporis
1096 589 1210 626 etiam
1239 589 1424 625 cruciatus

42 653 154 692 atque
183 646 395 694 supplicia?
443 644 639 697 Quorsum
668 646 784 682 multa
813 652 899 682 sunt
927 647 966 682 in
997 644 1202 683 (iffi-:Gonu
1231 643 1424 683 NAerN-

44 715 142 740 zmu
194 701 433 740 orationibus
471 700 704 749 Philippicis
753 701 938 740 adversus
975 702 1255 750 Imperatorem
1291 700 1424 738 Julia-

40 773 146 807 mcm,
174 767 210 796 et
238 760 341 808 alibi,
370 773 466 808 quae
487 759 596 796 facile
617 772 638 796 a
657 759 778 807 nobis,
805 760 839 796 si
858 759 897 796 id
919 759 1070 807 quidem
1094 773 1192 796 nunc
1211 770 1425 808 ageremus,

41 823 195 864 possent
232 815 372 854 afferri.
428 815 535 854 Illud
573 823 699 853 tamen
727 817 918 855 monuisse
944 816 1079 864 liceat,
1119 816 1281 864 gentiles
1309 816 1424 852 etiam

41 885 108 920 spe
146 874 301 918 majoris
340 872 542 910 adversum
572 870 806 910 Christianos
839 873 1014 910 licentiae
1046 880 1129 920 post
1157 873 1321 910 reditum
1348 868 1424 909 Ju—

39 929 133 967 liani
179 929 399 967 obtinendae
445 930 564 966 fuisse
608 936 765 966 erectos.
842 928 902 967 Ita
948 929 1157 967 Lmsmus
1169 934 1201 975 a)
1249 941 1424 977 sperasse

39 986 137 1023 inter
175 986 251 1023 alia
290 999 333 1024 se
372 986 484 1033 dicit,
525 988 610 1030 τοῖς
648 981 768 1036 ἱεροῖς
806 979 1082 1037 ὑποχωρήσειν
1116 982 1212 1031 τοὺς
1239 981 1423 1037 τάφους.

38 1056 198 1090 quorum
224 1055 268 1080 ea
296 1043 429 1091 procul
458 1042 571 1080 dubio
597 1043 783 1079 sententia
812 1050 896 1092 est,
933 1056 1131 1090 sperasse,
1173 1049 1238 1093 ut,
1280 1042 1425 1080 eversis

37 1106 250 1148 martyrum
287 1100 468 1146 tumulis,
507 1098 699 1137 idolorum
733 1099 820 1137 sana
858 1100 898 1137 in
937 1113 1068 1138 eorum
1095 1099 1222 1137 locum
1249 1099 1426 1137 resu‘tue-

35 1161 179 1194 rentur.

122 1210 353 1250 XXXVII.
383 1210 588 1249 Probatum
619 1220 703 1262 est,
739 1218 821 1249 tum
848 1211 1017 1250 voluisse
1047 1210 1306 1261 Christianos,
1343 1217 1426 1249 tum

38 1269 208 1317 potuisse
243 1269 374 1317 paullo
403 1270 562 1306 liberius
590 1269 638 1308 de
667 1268 823 1308 Juliano
853 1269 979 1318 loqui:
1022 1269 1169 1307 locutos
1199 1282 1308 1316 esse,
1347 1270 1424 1317 jam

39 1333 95 1363 est
133 1327 353 1363 auctoritate
389 1327 610 1363 idoneorum
651 1328 877 1374 scriptorum
915 1325 1226 1364 confirmandum.
1286 1322 1340 1363 Ut
1367 1332 1426 1362 ta-

39 1395 142 1420 ceam
179 1397 248 1431 per
286 1384 482 1430 vulg-anun
510 1383 606 1420 illud
635 1383 683 1422 de
712 1382 951 1432 Athanasio,
990 1397 1126 1431 quem,
1165 1396 1250 1420 cum
1279 1382 1326 1420 ab
1353 1378 1424 1419 Ju-

38 1439 141 1476 liano
180 1440 313 1487 pulsus
345 1439 574 1487 Episcopatu
608 1454 698 1489 suo,
737 1446 776 1478 et
812 1441 907 1478 urbe
934 1437 1175 1478 Alexandria
1206 1438 1423 1487 excederet,

38 1495 182 1534 dixisse
220 1497 365 1533 ferunt:
417 1495 620 1546 cedamus,
659 1498 799 1544 amici,
840 1495 1033 1535 nubecula
1071 1506 1127 1535 est
1168 1498 1243 1534 cito
1279 1496 1425 1534 transi-

36 1561 128 1590 tura
140 1550 192 1604 b).
251 1551 348 1591 Item
377 1554 538 1591 alterum
564 1553 661 1591 illud
691 1554 738 1591 de
767 1551 993 1603 Paedagogo
1019 1551 1315 1601 Antiochiensi,
1359 1553 1424 1600 qui

37 1611 292 1659 interrog-atus
330 1611 460 1658 paucis
500 1618 586 1648 ante
613 1609 757 1649 Juliani
795 1611 938 1648 obituun
967 1610 1126 1658 diebus,
1169 1608 1306 1658 ecquid
1334 1621 1425 1658 age-

37 1673 97 1704 ret
125 1665 244 1704 Fabri
271 1666 404 1704 filius?
447 1665 661 1714 (Christum
689 1667 860 1716 putabat)
891 1668 1067 1715 capulum
1093 1665 1247 1705 Juliano
1276 1678 1423 1714 parare,

36 1723 279 1772 respondisse
326 1723 484 1762 traditur
495 1727 545 1772 0).
613 1723 700 1764 Hoc
719 1730 778 1775 ‘ut
813 1730 985 1772 taceam,
1033 1723 1204 1772 locuples
1239 1721 1424 1761 historiae

36 1779 172 1818 horum
211 1788 423 1829 temporum
459 1788 588 1819 auctor
622 1780 868 1819 Ammxmus
895 1778 1201 1818 Muta-:nunus
1239 1784 1316 1829 32,
1354 1782 1422 1818 12.

36 1836 131 1875 haec
167 1836 304 1875 habet:
359 1836 469 1891 Quae
507 1840 694 1877 maximis
728 1835 987 1875 moliminibus
1002 1837 1204 1889 festinari
1229 1845 1426 1874 cernentes

37 1894 229 1945 (loquitur
267 1893 314 1932 de
352 1896 635 1943 praeparatione
679 1893 935 1942 expeditionis
962 1893 1157 1939 Persicae)
1196 1891 1425 1931 obtrectato-

37 1965 101 1989 res
129 1949 281 1991 desides
309 1960 346 1988 et
375 1952 562 2000 maligni,
601 1953 719 1988 unius
744 1952 920 1998 corpores
941 1950 1227 1998 permutatione
1250 1957 1305 1986 iot
1329 1950 1436 1990 ciem

38 2006 174 2053 {urbas
211 2010 518 2056 intempestivas,
557 2006 763 2055 indignum
803 2015 839 2043 et
871 2008 1136 2055 perniciosum
1174 2019 1253 2043 esse
1279 2013 1426 2054 strepe-

39 2062 157 2114 bant,
198 2063 367 2104 stud-imm
405 2079 514 2103 omne
550 2067 593 2102 in
630 2061 857 2118 differendo
888 2066 1096 2112 procinctu
1126 2071 1315 2112 ponentes
1328 2077 1342 2101 .-
1389 2070 1425 2100 et

86 2196 132 2241 a)
157 2199 255 2231 Orat.
291 2198 338 2230 H.
378 2200 410 2230 in
445 2211 566 2231 necem
598 2200 670 2232 Jul.
697 2200 740 2231 Τ.
766 2201 799 2230 2.
836 2210 914 2241 opp.
947 2210 980 2240 p.
1007 2198 1088 2229 326.
1135 2195 1231 2230 Add.
1264 2208 1351 2240 quae
1383 2196 1426 2228 ad

132 2244 243 2286 ejusd.
275 2241 433 2275 Libanii
462 2247 593 2277 librum
626 2244 669 2277 de
700 2246 820 2277 ulcisc.
853 2252 968 2276 morte
998 2244 1128 2276 Juliani
1163 2241 1193 2285 §0
1217 2244 1251 2275 5.
1287 2255 1320 2286 p.
1347 2241 1424 2273 149.

132 2292 174 2322 ab
205 2287 359 2321 Olearia
384 2299 494 2322 notula
518 2299 608 2322 sunt.

86 2332 134 2375 b)
159 2335 243 2367 Vid.
269 2332 371 2376 Rufi.
399 2336 442 2368 H.
466 2337 505 2367 E.
532 2338 569 2373 2,
597 2337 631 2367 3.

90 2377 134 2422 e)
164 2377 382 2412 leeodoret.
410 2382 453 2412 H.
482 2382 522 2412 Ε.
547 2383 591 2420 3,
617 2380 671 2412 18.
697 2392 769 2422 cap.
795 2381 850 2411 19.
875 2387 992 2411 autem
1016 2379 1155 2411 Juliano
1181 2378 1319 2411 cuidam
1343 2389 1426 2410 mo—

135 2426 243 2458 nacho
268 2425 490 2468 Imperatoris
524 2426 639 2457 caedes
676 2425 818 2466 eadem,
856 2437 922 2466 qna
956 2425 1119 2465 contigit,
1162 2424 1260 2456 hora‘
1281 2425 1426 2456 revelata

135 2482 230 2511 esse,
273 2480 439 2504 narratur.
498 2473 549 2503 De
584 2471 741 2511 Didymo
776 2470 1017 2502 Alexandrino
1062 2470 1266 2512 philosopho
1298 2469 1427 2500 similia

134 2517 240 2548 refert
272 2516 414 2548 Sozam.
436 2518 480 2554 6,
508 2520 540 2548 2.
576 2517 669 2548 Add.
702 2514 830 2550 Olear.
864 2515 907 2547 ad
929 2513 1071 2547 Liban.
1095 2515 1137 2546 de
1162 2516 1292 2547 Juliani
1315 2521 1428 2546 morte

137 2563 255 2593 ulcisc.
285 2574 359 2604 pag.
387 2562 462 2593 164.
512 2563 617 2593 Maris
643 2560 930 2594 Chalcedonensis
954 2562 1141 2604 Episcopus
1173 2572 1278 2602 quam
1303 2567 1428 2592 contu-

138 2608 279 2639 meliose
312 2608 493 2639 Julianum
527 2610 736 2645 tractaverit,
767 2615 883 2639 narrat
915 2607 1069 2638 Socrates
1105 2608 1145 2638 3.
1181 2608 1214 2637 2.
1272 2605 1325 2637 De
1359 2612 1427 2638 tota

139 2648 365 2684 multitudine
400 2653 700 2687 Antiochiensium
729 2651 1008 2686 Christianorum
1033 2649 1096 2685 JO.
1120 2647 1276 2684 Malola
1296 2650 1428 2685 Chron-
