1768 3125
181 182 249 214 IN
296 181 674 219 cONv1v1u1v1
712 180 825 213 sau
857 177 1193 213 LAm‘rHAs.
1320 166 1407 209 381

44 303 164 355 lmag.
193 319 225 344 c.
260 308 324 344 19.
356 304 382 343 f.
409 302 545 344 Amor.
576 318 608 345 c.
643 308 680 344 6.
710 318 768 354 pr.
797 302 883 344 Jov.
923 302 1039 355 Treg.
1069 318 1100 343 c.
1134 306 1200 345 16.
1258 302 1411 343 Rmrz.

42 372 148 411 Jovis
179 372 364 422 Tragoedi
403 373 547 421 locum,
583 386 694 422 quem
723 371 901 412 Reitzius
935 373 1098 422 indicat,
1137 386 1211 410 non
1248 373 1412 409 invenio.

44 439 89 478 In
142 441 237 478 locis
278 439 492 478 Alexandri
536 448 574 478 et
613 439 688 479 Pro
716 439 860 491 Imagg.
911 438 1153 491 ηὐδοκίμουν
1183 442 1258 487 jam
1295 453 1316 477 a
1352 452 1413 476 me

42 514 273 557 correctum,
302 522 418 558 quum
447 509 561 558 vulg-o
591 509 725 546 fuisset
752 511 931 557 scriptum
960 504 1089 546 εὖδοκ.
1149 506 1198 545 Et
1225 508 1278 546 sic
1301 507 1414 544 etiam

41 570 319 625 ηὖὸοκᾲιηται.
379 575 453 614 Pro
500 574 622 614 Merc.
668 576 789 616 Coud.
841 591 875 614 c.
917 581 956 614 3.
1001 572 1236 628 ηὐτρέπιστο
1275 573 1412 612 Amor.

42 656 76 682 c.
116 646 153 681 6.
194 638 428 694 ηὖτύχηται.
457 642 519 682 De
547 642 668 682 Mero.
703 642 821 682 cond.
853 657 885 681 c.
920 648 983 690 12.
1020 640 1289 696 ηὗφραιίὀντο
1320 641 1409 680 ibid.

40 723 73 748 c.
107 714 145 749 1.
203 708 249 748 In
297 710 357 749 his
404 718 528 749 autem
566 718 604 750 et
652 712 840 750 similibus
888 709 1174 760 orthographica
1215 710 1413 749 exarandis

40 791 152 826 quam
190 779 372 817 rationem
410 793 480 828 ego
519 793 562 816 ac
594 793 763 816 normam
803 780 843 816 in
872 776 1050 816 Luciam>
1090 778 1242 827 quidem
1285 782 1414 817 nostro*

40 845 269 893 sequendam
323 847 556 895 putaverim,
619 847 695 885 vid.
746 846 794 885 ad
847 846 968 885 Dian.
1016 843 1140 885 Marr.
1185 845 1315 896 XIII,
1372 850 1412 885 1.

38 911 149 950 Tom.
179 911 232 951 Π.
262 928 301 962 Ρ.
332 916 427 952 456.
485 912 634 952 me.

122 979 210 1018 ead.
238 980 266 1018 l.
296 983 335 1018 4.
358 976 680 1030 Ἀλκιδάμας
707 978 798 1031 μὲν
826 978 919 1033 τὴν
949 979 1273 1035 αὐλητρίδα]
1306 980 1412 1020 Idem

37 1047 235 1085 facientem
255 1045 438 1098 Cynicum
465 1048 608 1086 inducit
621 1047 808 1098 Alciphr.
833 1048 906 1089 III.
936 1050 1010 1100 Ep.
1030 1053 1097 1090 55.
1119 1050 1186 1090 fin.
1215 1048 1301 1089 Non
1320 1064 1412 1088 vero

37 1116 222 1153 exstincto
251 1122 337 1154 ante
374 1117 539 1165 lumine,
577 1116 645 1154 sed
674 1117 796 1165 palam
822 1119 860 1155 iu
890 1120 1058 1156 omnium
1086 1125 1311 1167 conspectu,
1354 1117 1412 1155 di-

39 1189 184 1221 centem
212 1184 438 1232 principium
467 1185 720 1232 generationis
748 1198 834 1223 esse
862 1192 1045 1224 naturam.
1102 1185 1256 1224 RmTz.

118 1248 207 1288 ead.
252 1250 279 1287 l.
325 1253 362 1288 5.
411 1250 478 1288 Συ
492 1252 837 1302 νενεχθῆναι]
905 1251 972 1290 An
1020 1257 1218 1301 συνεΐιναι;
1274 1253 1409 1301 placet.

37 1317 204 1357 GUYET.
264 1316 406 1369 Quidni
436 1333 526 1368 ergo
554 1320 861 1370 oqumygfflffvaq
899 1320 1053 1360 REI-rz·
1111 1320 1257 1372 Quidni
1286 1323 1410 1369 potius

36 1387 148 1424 tacite
183 1392 352 1425 servetur
390 1387 547 1424 verbum
587 1388 781 1436 vulgatum
825 1387 872 1425 de
908 1387 979 1426 hac
1017 1403 1059 1427 re
1103 1391 1192 1427 satis
1222 1390 1410 1437 probum?

37 1453 230 1493 Immerito
258 1454 356 1492 illud
393 1456 506 1492 etiam
540 1452 717 1493 Hermot.
761 1469 793 1492 c.
835 1460 903 1493 34.
931 1457 970 1493 in
1008 1458 1260 1505 suspicionem
1299 1470 1411 1496 voca-

35 1529 128 1560 tum.
188 1520 248 1559 Cf.
279 1521 421 1560 Toxar.
453 1536 487 1560 c.
518 1525 583 1560 14.
615 1528 713 1560 extr.
771 1520 921 1562 me.

122 1588 211 1628 ead.
253 1589 282 1628 l.
321 1594 385 1628 14.
426 1585 738 1639 Ζηνόθεμις
786 1586 1155 1641 ἀμφοτέραις,
1204 1591 1266 1643 τῇ
1317 1589 1410 1640 μὲν

34 1658 129 1708 τῆς
168 1653 341 1709 ῥινὸς,
369 1656 430 1710 τῇ
460 1655 513 1695 δὲ
542 1658 634 1695 τοῦ
665 1654 952 1709 ὀφθαλμοῦ
990 1656 1406 1709 ἐπειλημμένοξ]

33 1723 139 1763 Haec
177 1725 267 1762 olim
307 1738 509 1772 conversa,
561 1722 808 1762 Zenothemis
835 1727 993 1773 pariter
1039 1735 1119 1763 tum
1155 1726 1285 1775 oculo,
1330 1736 1410 1765 tum

31 1807 129 1831 nare
156 1792 377 1842 mutilatus,
409 1792 579 1830 Solemus
606 1794 657 1830 ita
688 1791 922 1830 emendarat:
952 1791 1197 1832 Zenothemis
1232 1794 1410 1847 ntanibus

33 1858 106 1899 Imc
133 1859 307 1909 oculum,
335 1860 409 1898 illa
434 1874 571 1898 nasum
600 1869 743 1898 tenens.
803 1856 884 1897 Sed
915 1867 953 1898 et
987 1861 1102 1900 Gesn.
1133 1876 1299 1900 errorem
1332 1864 1409 1911 pri-

32 1929 150 1966 stinae
191 1929 375 1967 versionis
417 1929 582 1966 correxit
628 1934 775 1976 sponte.
834 1926 928 1966 Post
975 1925 1224 1980 ἀμφοτέραις
1265 1937 1406 1978 autem,

26 1994 140 2047 χερσὶ
166 1997 344 2045 intelligi,
372 1997 437 2044 qui
464 1998 596 2044 nescit,
625 1996 735 2033 adeat
759 1993 809 2031 L.
839 1993 935 2032 Bos.
961 1995 1008 2032 de
1035 1994 1175 2045 Ellipsi
1192 2010 1279 2046 pag.
1311 2002 1406 2038 185.

32 2062 186 2111 RErrz.
216 2062 289 2100 Ed.
320 2056 506 2114 Sclz'itfer.
539 2077 578 2111 p.
611 2065 707 2101 527.
764 2061 911 2101 Luam.

117 2128 206 2167 ead.
248 2129 277 2167 Ζ.
312 2133 377 2168 19.
414 2125 865 2179 Ἐπειλημμὲνος]
896 2127 975 2168 Ox.
1003 2128 1107 2168 Par.
1137 2129 1176 2169 J.
1206 2138 1248 2176 et>
1271 2131 1404 2172 Amsi.

31 2194 78 2234 In
105 2197 263 2245 reliquis
293 2194 483 2246 ἕπιλημμ.
513 2210 642 2244 prave.
702 2196 862 2235 SoLAN.

113 2264 215 2313 Pag.
247 2268 314 2302 79.
343 2264 372 2302 l.
405 2269 443 2302 6.
465 2260 705 2313 Ἔμελλε]
746 2263 913 2303 Videtur
950 2270 988 2302 et
1027 2263 1219 2304 Erasmus
1255 2268 1310 2305 sic
1346 2267 1403 2306 le-

29 2331 146 2380 gisse,
170 2332 240 2379 ,qui
268 2338 431 2369 verterat
447 2359 459 2380 ‚
491 2346 564 2382 quo
591 2345 771 2379 sponsam
787 2332 938 2383 fuerat
961 2331 1211 2372 abducturus.
1249 2334 1401 2373 Rmrz.

113 2396 201 2435 ead.
242 2398 271 2436 l.
312 2403 351 2437 8.
391 2397 577 2436 Καθευ
594 2392 817 2448 δήσαντε
835 2401 879 2444 ς]
940 2396 986 2436 Iu
1040 2401 1213 2440 omnibus
1262 2403 1402 2452 legitur

29 2459 378 2516 καθευὸήσαντες,
435 2463 535 2502 haud
575 2465 687 2504 dubie
726 2473 921 2515 corrupte:
970 2480 1080 2504 nemo
1119 2469 1219 2506 euim
1252 2477 1401 2517 praeter

27 2530 300 2582 Polydamanta
338 2534 428 2579 (imo
456 2530 758 2579 Alcidamanm)
797 2534 880 2572 illic
905 2537 1148 2582 pernoctavit.
1207 2534 1303 2573 Puto
1329 2551 1400 2586 ego

27 2600 308 2638 rescribendmn
336 2596 635 2649 καταδεθέντες,
663 2601 763 2650 quod
788 2602 906 2639 menti
935 2602 1127 2650 scriptoris
1149 2604 1287 2652 optime
1310 2617 1399 2641 con-

27 2668 150 2718 venit3
189 2681 258 2706 nec
298 2681 321 2706 a
358 2669 542 2718 scriptura
577 2668 750 2720 vulgatae
787 2669 949 2710 multum
987 2667 1177 2711 abhorret.
1235 2668 1397 2712 somn.
