1768 3125
189 170 258 201 IN
294 169 674 204 coNv1v1Um
708 168 823 202 SEU
857 167 1195 202 LAm'rnAs.
1327 157 1421 201 379

55 304 139 329 cum
177 292 376 340 insipiente
425 292 551 339 po'c'ta.
610 289 849 343 Quamquam
893 304 968 328 non
994 290 1141 341 liquet,
1183 305 1260 340 quo
1301 305 1422 340 usque

52 360 288 407 insipientiae
318 360 430 397 liceat
459 373 543 396 cum
572 366 721 397 auctore
749 359 949 408 progredi,
990 366 1215 407 quantumve
1245 360 1325 398 eius
1355 362 1422 398 tri-

52 427 241 465 buendum
270 428 320 465 sit
344 428 418 475 ipsi
446 428 603 476 auctori,
633 435 811 475 quantum
831 428 999 465 librario.
1032 426 1201 465 Graecus
1231 429 1330 465 enim
1352 429 1421 466 ille

52 501 151 533 certe
180 495 331 542 quidem
359 495 429 531 suit
458 502 570 544 natu,
600 509 673 533 non
703 496 905 544 barbarus,
950 497 1057 543 cujus
1086 495 1333 534 absurditates
1360 496 1423 535 vel

49 561 217 611 logicae,
259 562 322 600 vel
356 562 603 613 aestheticae,
640 564 703 602 vel
739 564 936 609 metricae,
974 576 1048 600 non
1085 565 1184 601 ultra
1214 562 1423 602 Graecismi

49 630 229 668 terminos
268 630 317 667 ad
356 631 550 668 barbaram
591 645 710 679 usque
749 630 916 668 indolem
944 631 1198 669 extendendae
1232 631 1420 670 videntur.

48 694 307 736 Nihilominus
336 699 376 735 iu
405 705 511 736 textu
539 697 746 744 Reitzi-ano
775 711 845 747 ego
875 699 1114 747 acquiescens
1143 700 1256 737 etiam
1292 701 1332 737 in
1372 701 1421 738 iis

47 765 225 814 vocibus,
264 779 356 814 quas
393 767 458 804 vix
495 765 774 814 stupidissimus
814 764 1022 803 Graeculus
1060 767 1221 804 scribere
1261 768 1315 805 sic
1353 782 1422 816 po-

48 834 205 882 tuisset,
243 839 285 870 ut
321 834 361 870 in
404 835 508 870 exitu
551 834 665 881 primi
706 846 862 882 versus,
904 834 945 870 in
988 833 1201 871 nominibus
1232 830 1419 885 Σελήνης,

47 899 234 952 Νηρῆος,
265 914 300 938 e.
332 914 367 938 a.
398 914 550 937 manum
578 900 625 938 de
653 901 779 938 tabula
807 901 942 938 tollere
981 901 1190 948 malebam,
1232 916 1344 950 quam
1381 904 1421 939 in

45 969 200 1016 negotio
231 974 307 1005 tam
335 969 480 1016 ingrato
511 969 637 1006 oleum
666 976 705 1006 et
734 983 887 1018 operam
913 967 1087 1016 perdere.
1144 967 1294 1008 LEHM.

129 1033 226 1072 ibid.
258 1030 557 1087 ΖΙΙεγάροις]
589 1036 699 1086 Lege
724 1032 956 1089 μεγάροισιν
995 1042 1033 1073 et
1061 1030 1130 1087 ἥγ’
1158 1051 1227 1084 pro
1255 1032 1347 1088 ἥγε,
1387 1039 1422 1076 si

44 1115 197 1141 versum
236 1103 334 1141 velis
373 1101 656 1142 hexametrum:
696 1119 739 1143 ac
776 1112 894 1142 totum
921 1105 1047 1152 potius
1077 1105 1132 1141 sic
1163 1104 1307 1154 ressnge
1337 1120 1421 1143 cum

44 1169 216 1208 Salmas.
256 1172 296 1207 in
341 1169 551 1219 Lamprid.
593 1171 716 1210 Alex.
773 1171 863 1211 Sev.
898 1176 965 1211 38.
1005 1187 1043 1220 p.
1085 1173 1181 1209 956.
1223 1173 1338 1221 (quod
1379 1174 1421 1211 la

48 1237 169 1276 Groze
198 1238 310 1275 etiam
339 1238 548 1286 admonuit)
567 1234 630 1276 '‘I-I
653 1235 716 1290 οἴη
747 1235 837 1277 πότ’
878 1235 949 1290 ἄρ’
981 1234 1048 1289 ἥγε
1070 1235 1336 1289 Ἀρισταινέτ’
1379 1239 1419 1279 ἐν

44 1299 266 1357 μεγάροισι.
326 1303 378 1344 Et
405 1306 482 1344 vid.
513 1305 566 1344 L.
595 1306 690 1344 Bos.
721 1305 818 1345 Obs.
850 1304 943 1343 Crit.
975 1321 1014 1354 p.
1050 1309 1143 1345 114.
1175 1321 1256 1356 seq.
1292 1308 1419 1358 Θηγα-

43 1374 193 1410 τίτιηιιφη,
223 1369 310 1423 dell]
326 1402 340 1420 ,
370 1377 586 1424 matutina,
615 1376 870 1423 rejicientem,
902 1387 944 1411 ac
972 1374 1164 1411 nobiscum
1192 1369 1217 1424 ἡ
1248 1371 1310 1426 0ἷή
1332 1391 1419 1424 pro-

44 1441 220 1489 bantem,
248 1441 275 1478 i.
307 1454 342 1478 e.
371 1440 466 1490 μία,
495 1437 626 1492 μόνη,
654 1443 763 1492 sola,
789 1445 1029 1491 praecipua,
1072 1442 1162 1479 licet
1190 1450 1353 1480 metrum
1380 1445 1434 1481 in'

45 1509 178 1546 ceteris
205 1521 280 1545 non
306 1515 437 1557 sanet,
480 1509 581 1558 quod
604 1509 744 1548 Solan.
774 1517 812 1548 et
844 1510 960 1549 Gesn.
998 1511 1111 1547 etiam
1138 1511 1317 1548 vitiosum
1353 1526 1418 1551 vo-

43 1576 127 1614 lunt
155 1589 318 1614 manere.
377 1576 530 1616 Rffl‘rz·

129 1643 234 1692 Pag.
267 1647 334 1683 74.
362 1643 390 1684 l.
425 1649 461 1682 1.
493 1639 838 1696 Προῖίχουσα]
880 1639 1118 1696 Προϊῖἷχουσ)
1148 1640 1309 1682 ἀλλάων
1339 1661 1419 1683 πυ,-

47 1705 157 1750 σάων
187 1711 357 1761 παρθεν.
400 1711 568 1751 GUYET.
628 1711 806 1761 Optime:
844 1726 932 1749 nam
969 1714 1024 1750 sic
1061 1726 1193 1750 versus
1223 1715 1418 1763 constabit,

46 1780 110 1828 qui
139 1780 215 1828 jam
244 1779 440 1829 claudicat,
471 1794 555 1817 cum
578 1780 701 1818 media
717 1782 756 1817 in
777 1775 1010 1832 προῦχουσα
1029 1782 1241 1829 corripitur.
1263 1781 1418 1822 Rmrz.

129 1845 218 1884 ead.
248 1846 276 1884 Ζ.
309 1852 348 1885 2.
374 1844 472 1885 'Hd''
504 1839 564 1885 αὖ
595 1848 690 1898 τῆς
719 1843 983 1898 Σελήνης]
1029 1846 1188 1898 Corrige
1228 1844 1299 1899 ἧδ’
1331 1845 1419 1899 ἅμα,

1 1945 3 1947 .
46 1914 118 1964 τῆς
159 1907 333 1966 Ἑλένης.
391 1914 533 1954 Placet.
594 1915 763 1955 Gutm.
816 1910 975 1965 Ἑλένης
1024 1917 1136 1953 etiam
1181 1917 1260 1965 leg-i
1307 1919 1419 1965 jussit

43 1982 89 2020 Ia
119 1981 253 2020 Groze.
309 1981 368 2020 At
395 1997 470 2021 non
495 1984 678 2031 placebit,
717 1984 852 2031 quibus
892 1984 943 2020 ita
986 1983 1204 2021 decrescere
1231 1984 1418 2023 videbitur

47 2051 192 2098 oratio,
229 2051 263 2087 si
300 2050 425 2099 dicas,
461 2054 596 2099 potior
629 2051 805 2099 Venere,
844 2053 957 2088 immo
984 2051 1046 2089 vel
1074 2050 1261 2100 Helenct5
1301 2054 1417 2091 immo

48 2118 101 2155 sic
127 2119 235 2165 pejor
263 2117 335 2154 erit
363 2118 433 2154 illa
462 2120 667 2168 correctio,
707 2132 819 2166 quam
844 2119 1020 2168 vulgata,
1059 2121 1098 2156 in
1126 2133 1201 2168 qua
1228 2120 1317 2158 licet
1343 2135 1418 2158 non

48 2190 190 2223 crescat
219 2185 361 2234 oratio,
386 2198 457 2222 nec
483 2187 732 2233 praestantius
760 2199 896 2223 nomen
922 2193 1188 2236 postponatur,
1227 2201 1310 2225 clun
1334 2186 1418 2226 Ve-
1450 2181 1458 2201 ⁷

46 2266 118 2292 nus
146 2252 260 2301 vulgo
289 2252 491 2290 formosior
519 2253 710 2301 credatur,
741 2267 854 2302 quam
882 2253 1027 2303 Diana,
1065 2261 1189 2292 tamen
1226 2269 1418 2303 compara-

46 2321 100 2358 tio
138 2333 160 2358 a
196 2319 282 2358 Dea
311 2320 359 2357 ad
386 2319 511 2358 Deam
549 2322 687 2359 rectius
727 2321 907 2370 procedit.
966 2320 1093 2360 Potest
1121 2329 1246 2360 tamen
1279 2323 1419 2373 Guyeti

48 2387 256 2426 emendatio
287 2388 413 2426 locum
439 2387 602 2437 habere,
631 2389 665 2426 si
691 2396 833 2438 vertas,
859 2391 990 2437 potior
1024 2389 1201 2437 Venere,
1232 2400 1299 2428 aut
1318 2400 1419 2429 certe

48 2455 221 2493 Helena.
279 2452 344 2493 Ac
386 2456 419 2492 si
458 2469 592 2494 versus
630 2457 833 2505 requiritur
872 2464 1130 2506 pentameter,
1171 2459 1305 2496 melior
1346 2460 1418 2497 erit

51 2523 272 2573 Guyete'ana
297 2523 436 2569 lectio,
464 2528 503 2560 et
530 2536 664 2562 sensus
692 2537 740 2562 eo
769 2525 928 2575 melior,
959 2527 1048 2575 quia
1075 2527 1196 2575 mag-is
1223 2525 1417 2564 ridiculus.

46 2590 199 2630 Rmrz.

133 2655 222 2697 ead.
251 2656 280 2697 l.
312 2661 353 2697 3.
394 2655 701 2712 Καρτερῶν]
739 2658 905 2700 Καλιῦν.
947 2660 1115 2702 Gunr.
1173 2658 1259 2700 Non
1308 2659 1420 2699 video
