1740 3095
301 152 396 197 392
587 168 1361 202 ADNOTAT10NES.

302 287 389 336 quia
420 281 494 337 εἶχε
523 300 572 325 ex
599 288 706 326 bonis
734 287 840 326 libris
867 296 949 338 est,
976 302 1045 327 nec
1072 288 1297 333 Herodotus
1322 291 1479 340 respuit,
1508 291 1541 328 si
1569 290 1665 328 fides

303 354 551 403 editionibus,
589 361 631 392 ut
657 353 753 393 VH.
791 369 877 405 pag.
912 356 1030 394 altera
1067 358 1112 395 ab
1150 359 1256 396 initio
1283 357 1335 396 D.
1375 367 1412 396 et
1450 372 1535 407 pag·-
1567 360 1663 396 437.

302 423 437 460 iterum
467 419 588 472 εἴχετο
617 428 689 461 etc.
718 436 840 471 neque
868 423 964 460 illud
991 425 1214 473 improbum.
1259 423 1317 463 At
1345 426 1441 464 conf.
1474 440 1506 463 c.
1540 423 1616 464 17.·
1636 425 1664 462 f.

302 490 367 526 ubi
405 491 540 527 iterum
583 486 718 540 Ξβςετο,
761 492 852 528 item
894 486 1070 543 ἄρξατο,
1118 499 1157 530 et
1193 506 1273 541 cap.
1318 497 1386 531 24.
1427 494 1491 530 ubi
1531 499 1568 530 et
1605 487 1666 541 ἔχε
1734 501 1736 518 ²

301 557 438 606 vulgo;
476 558 516 594 in
546 555 618 595 W.
650 564 687 595 et
713 557 781 596 Fl.
809 564 933 596 tamen
960 572 1091 597 rursus
1122 554 1233 609 εἶχεν.
1291 558 1349 598 At
1377 574 1457 608 cap.
1490 564 1554 598 17.
1584 573 1667 596 rur-

300 637 366 661 sus
394 619 477 674 ἕχε,
506 631 544 662 et
572 625 626 663 sic
653 631 735 675 ter,
765 631 917 675 quater,
946 625 1096 665 deinde.
1144 626 1243 678 Quis
1269 628 1385 676 igitur
1411 626 1504 664 haec
1528 628 1667 664 incerta

301 697 401 729 certa
428 691 589 730 reddet?
638 690 753 731 Plura
778 692 826 731 de
855 701 1054 743 augmento
1081 695 1255 744 neglecto
1285 694 1333 733 ad
1361 708 1394 733 c.
1424 698 1490 733 17.
1519 693 1668 741 adjicie-

297 772 397 797 mus.
452 758 601 798 Rm'rz.

386 825 475 865 ead.
503 826 532 865 l.
564 831 632 866 13.
672 821 871 878 Χάσμα
899 825 1026 880 μέγα
1055 826 1287 880 ἐγένετο]
1333 827 1480 867 Similis
1508 827 1669 865 narratio

302 892 349 931 de
377 894 443 931 tali
470 896 648 944 voragine
677 896 717 933 in
744 896 884 944 templo
912 895 1017 934 Jovis
1046 895 1224 946 Olympii
1252 895 1416 935 Athenis
1430 924 1442 945 ,
1491 901 1533 933 ut
1557 895 1670 943 vulgo
1734 907 1736 950 J

301 961 546 1011 credebatur,
586 976 609 1000 a
635 961 870 1002 Deucalione
903 971 1115 1014 exstructo,
1153 966 1194 1002 in
1222 978 1333 1013 quam
1362 976 1510 1001 omnem
1538 961 1672 999 diluvii
1734 953 1738 1012 'v

301 1041 437 1077 aquam
474 1029 680 1068 defluxisse
711 1032 932 1081 narrabant,
969 1038 1007 1069 et
1034 1033 1073 1069 in
1101 1045 1214 1081 quam
1240 1033 1436 1079 quotannis
1463 1031 1672 1078 placentam
1739 1038 1740 1041 ’

298 1110 324 1136 e
362 1097 478 1134 melle
518 1104 555 1135 et
594 1098 713 1135 farina
742 1102 944 1146 projectam
972 1099 1116 1148 fuisse,
1156 1105 1214 1136 est
1240 1098 1338 1146 apud
1365 1099 1605 1135 Pausaniam.
1634 1097 1673 1133 in
1738 1122 1740 1140 :

301 1159 442 1201 Atticis
471 1170 509 1202 et
537 1178 586 1202 ex
611 1165 680 1202 illo
714 1164 896 1203 Octavius
923 1166 1204 1214 FaIconersus,
1233 1167 1315 1213 vir,
1356 1165 1566 1211 natalibus,
1606 1163 1672 1200 ‹lo-
1738 1191 1740 1198 ,

303 1232 419 1268 ctrina
454 1237 492 1269 et
527 1231 707 1280 dignitate
738 1234 982 1282 conspicuus,
1024 1233 1212 1281 mihique,
1253 1246 1337 1269 cxun
1365 1234 1404 1269 in
1432 1233 1527 1269 vivis
1557 1236 1671 1279 esset,

302 1300 539 1348 per-amicus,
577 1300 617 1336 in
659 1302 801 1337 munmi
827 1298 1057 1348 Apamensis
1087 1301 1332 1348 explicatione
1348 1328 1359 1349 ,
1398 1299 1463 1336 ubi
1490 1299 1598 1347 plura
1626 1297 1672 1335 de

302 1364 375 1403 hoe
406 1366 550 1404 diluvio
585 1366 719 1417 habet,
758 1368 872 1416 idque
899 1366 1128 1405 Noachiculn
1155 1368 1274 1404 fuisse
1300 1367 1485 1415 ostendit,
1522 1367 1580 1403 cui
1609 1365 1673 1402 ad-

303 1433 487 1483 stipulor,
541 1436 612 1473 etsi
658 1435 705 1473 de
745 1436 994 1483 explicatione
1032 1436 1138 1472 illius
1178 1435 1318 1471 nummi
1356 1435 1464 1471 aliter
1501 1434 1673 1481 sentiam,

303 1501 351 1539 de
379 1515 453 1550 quo
483 1502 578 1540 alias
606 1503 730 1551 plura.
772 1500 935 1540 GRAEV.
994 1501 1108 1540 Adde
1137 1501 1260 1551 Xiph.
1290 1504 1385 1540 252.
1417 1500 1463 1540 C.
1519 1499 1673 1538 SoLAN.

389 1568 494 1617 Pag.
527 1573 593 1607 90.
624 1569 653 1608 ἲ.
686 1574 726 1608 6.
770 1567 1054 1622 Φορέουσι]
1096 1569 1170 1608 Ηίε
1209 1576 1246 1607 et
1284 1569 1481 1617 permultis
1515 1569 1553 1605 in
1582 1569 1674 1604 locis

305 1633 377 1672 hoc
417 1637 456 1672 in
496 1636 675 1683 opusculo
715 1650 828 1684 prave
867 1645 974 1675 antea
1004 1637 1199 1686 leg-ebatur
1229 1634 1409 1689 φέρω-σι.
1467 1634 1562 1674 Vid.
1593 1649 1673 1682 cap.

309 1706 374 1740 15.
409 1707 474 1740 16.
505 1709 543 1740 et
570 1707 637 1741 31.
668 1701 818 1740 SoLAN.
883 1702 1085 1755 Φέρουσι]
1117 1703 1338 1752 Reciperem
1368 1699 1571 1754 ([ορεόνσι,
1602 1702 1674 1739 nisi

305 1770 416 1806 nimis
454 1769 631 1818 frequens
668 1777 768 1808 esset
808 1767 1001 1822 φέρουσι,
1041 1777 1121 1808 tum
1157 1770 1225 1808 hac
1264 1770 1544 1817 dissertatione,
1595 1774 1673 1806 tum

305 1836 403 1884 apud
433 1838 551 1885 alios,
579 1844 622 1874 ut
649 1837 851 1874 indicatum
881 1837 927 1874 ad
956 1851 988 1875 c.
1024 1843 1090 1876 10.
1147 1836 1295 1874 RmTz.

390 1902 477 1941 ead.
518 1903 547 1941 Ζ.
592 1907 658 1943 14.
711 1901 851 1944 Αὖτο
865 1908 884 1942 ἴ
893 1907 971 1951 σι]
1026 1903 1089 1943 Sic
1129 1902 1204 1942 W.
1243 1910 1356 1941 recte.
1413 1901 1459 1940 In
1499 1903 1673 1951 impl-ess.

306 1965 455 2015 αὐτοῖς.
515 1968 667 2010 SoLAN.

389 2037 492 2085 Pag.
525 2041 593 2076 91.
624 2038 652 2076 Ζ.
687 2042 726 2078 1.
761 2038 869 2089 Τῆς
895 2033 1169 2090 Δερκετὼ]
1201 2037 1300 2087 Leg.
1332 2037 1441 2075 Scal.
1473 2036 1519 2074 ad
1551 2035 1676 2074 er.

306 2103 432 2141 locum
462 2106 523 2142 cit.
555 2103 715 2144 BOURD.
774 2104 868 2144 Vid.
899 2104 1052 2155 Spanh.
1083 2108 1180 2145 253.
1211 2107 1275 2154 qui
1303 2105 1466 2144 similem
1495 2118 1544 2142 ex
1570 2118 1677 2141 num·-

308 2173 379 2211 mis
409 2172 567 2209 sormam
588 2171 761 2211 exhibet.
817 2171 970 2211 SOLAN.

392 2238 488 2276 ibid.
518 2236 815 2292 Δερκετοῦς
846 2239 902 2278 δὲ
931 2235 1074 2286 εἶδος
1102 2242 1202 2285 etc.]
1233 2236 1328 2277 Vid.
1359 2238 1407 2277 P.
1442 2237 1677 2287 lVesseIiozg.

306 2307 354 2344 ad
382 2306 506 2345 Diod.
536 2306 619 2345 Sz'c.
649 2306 703 2345 Il.
730 2321 763 2345 c.
795 2310 834 2346 4.
865 2307 936 2346 N0.
969 2312 1037 2347 33.
1095 2306 1241 2345 Rmrz.

390 2373 478 2413 ead.
508 2374 536 2412 l.
569 2379 609 2412 2.
648 2370 835 2425 Ξένον]
875 2373 1013 2412 Malim
1043 2374 1181 2421 ξεῖνον.
1239 2370 1335 2411 Vid.
1366 2388 1447 2424 cap.
1475 2378 1516 2414 8.
1545 2379 1584 2412 et
1613 2377 1677 2412 12.
1714 2371 1724 2373 μ

313 2443 379 2480 ubi
408 2448 524 2480 recte.
582 2440 679 2479 Item
708 2454 741 2479 c.
773 2445 842 2481 27.
872 2439 974 2492 ξείνη
1004 2437 1117 2493 γυνή.
1176 2440 1328 2480 REI'rz.

395 2509 492 2547 ibid.
527 2503 752 2557 ‘Hpccoe'vy
790 2505 891 2557 μὲν
924 2506 1085 2560 γυνὴ]
1125 2508 1232 2548 Haec
1269 2509 1367 2546 culta
1401 2508 1476 2545 fuit
1511 2508 1551 2544 in
1587 2508 1680 2545 urbe

313 2576 519 2615 Phoenices
545 2575 693 2624 Joppe,
722 2575 797 2612 alia
826 2577 871 2613 ab
897 2576 981 2614 Dea
1010 2574 1149 2627 Syria,
1199 2589 1294 2625 quae
1322 2589 1458 2613 numen
1487 2575 1559 2612 fnit
1585 2574 1681 2613 Hie-

307 2645 595 2693 rapolitanorum
609 2671 622 2694 ,
660 2641 831 2682 mulieris
870 2643 1028 2682 formam
1067 2658 1156 2695 prae
1185 2657 1227 2683 se
1254 2644 1403 2693 ferens,
1442 2641 1539 2680 nihil
1567 2643 1682 2691 piscis
