1740 3095
301 162 394 203 362
598 173 1363 206 ADNOTATIONES

300 291 510 333 Adleverat
545 291 765 331 Hemsterh.
806 291 983 331 Aristid.
1022 291 1056 331 I.
1096 307 1134 341 p.
1177 298 1245 332 63.
1285 295 1350 331 ubi
1396 292 1494 332 hunc
1541 293 1665 332 locnun

299 369 415 400 notat.
444 360 556 399 Jebh.
613 359 734 409 Igitur
771 361 916 408 evolvi,
955 367 992 398 et
1017 360 1095 398 vidi
1122 359 1320 398 Aristidis
1347 361 1482 410 verba,
1523 375 1561 409 p.
1595 365 1664 400 63.

302 428 372 466 Ed.
419 430 532 476 antiq.
575 430 634 475 (p.
679 432 746 466 35.
788 431 922 474 novae)
965 441 1071 465 esse:
1135 423 1180 464 οὗ
1223 425 1354 465 τοίνυν
1397 426 1457 466 ἐπὶ
1501 423 1665 479 πράξεσι

299 491 423 545 μόνον
451 494 516 532 καὶ
547 491 719 545 ἀγῶσιν,
762 491 842 545 ἔχοι
873 509 933 540 τις
954 489 1199 544 ζΓΙροικλέους
1225 490 1510 544 μνημονεύειν,
1562 490 1665 531 ἀλλὰ

299 559 373 616 κᾷν
407 565 495 607 ταῖς
523 559 734 612 ἕνθυμίαις
761 563 832 600 τοῦ
861 560 952 611 βίου
985 561 1134 598 πολλοῦ
1163 575 1270 606 τινος
1296 557 1419 607 ἄξιος.
1480 560 1599 611 δηλοῖ
1623 558 1665 598 δὲ

301 628 367 667 καὶ
413 630 493 667 τῶν
543 625 784 680 ἀγαλμάτων
823 626 946 667 αὐτοῦ
987 626 1038 667 τὰ
1077 627 1254 666 πίνοντα.
1321 627 1380 667 At
1419 642 1514 677 quae
1550 627 1663 666 Jehb.

302 696 447 750 Qualia
473 697 636 749 fuerint
671 695 765 735 haec
799 697 1031 745 simulacra,
1079 695 1226 734 discere
1261 705 1316 733 est
1353 711 1408 734 ex
1449 698 1522 745 iis,
1568 711 1666 748 quae

299 763 432 802 scribit
463 763 632 802 Lucia-n.
661 766 705 802 ἰφι
732 764 909 815 Sympos.
942 763 1008 813 (h.
1037 764 1096 809 l.)
1153 762 1218 800 De
1245 761 1396 813 scyphis
1424 763 1666 802 Herculani-s

299 833 410 884 ⁶⁰⁷²f·
467 831 737 881 Dempstermn
765 835 807 870 in
835 832 1003 883 Avntiqq.
1033 830 1148 869 Rom.
1205 828 1351 868 Rmrz.

383 898 470 937 ead.
500 899 529 938 l.
563 901 628 937 15.
674 896 971 950 Εὖμεγέθη
1002 894 1238 950 σκύφον]
1286 894 1496 949 Εὐμεγέθη
1523 893 1666 936 κύλικα

298 965 485 1015 Alciplzr.
515 965 586 1004 ΠΙ.
617 981 657 1014 p.
693 971 791 1005 353.
820 967 885 1003 ubi
912 965 1052 1015 Bergl.
1094 972 1132 1003 et
1169 970 1317 1002 caetera
1345 980 1431 1003 cum
1462 965 1666 1004 Lucianeis

299 1041 499 1082 comparat.
556 1033 701 1072 Rmrz.

383 1101 478 1139 ibid.
525 1097 866 1149 Ἀναᾶοὗναι]
916 1099 973 1137 Ita
1003 1098 1096 1137 Cod.
1126 1098 1205 1137 Ms.
1234 1098 1313 1137 Ox.
1350 1106 1387 1137 et
1414 1097 1515 1137 Coll.
1544 1106 1663 1145 recte;

296 1181 382 1207 nam
430 1170 622 1217 proprium
664 1174 721 1205 est
760 1169 799 1204 in
837 1181 883 1204 ea
921 1181 962 1205 re
1001 1167 1234 1206 vocabuliun.
1274 1166 1394 1204 Diall.
1430 1165 1550 1204 Deor.
1588 1164 1663 1204 IV.

297 1236 448 1274 soem.

379 1303 484 1351 Pag.
517 1307 583 1341 53.
624 1303 652 1340 l.
683 1305 723 1340 4.
769 1296 817 1339 ‘O
869 1297 1008 1353 παρὰ
1054 1302 1124 1354 τῷ
1169 1296 1319 1353 Φόλῳ
1365 1294 1662 1351 εΓΙριικλῆς]

295 1370 400 1409 Fieri
428 1372 580 1419 nequit,
619 1377 660 1406 ut
689 1371 721 1406 si
749 1370 833 1417 quis
862 1367 1068 1405 Benedicti
1095 1370 1306 1407 versionem
1330 1369 1478 1405 intuens
1507 1365 1665 1404 Ilerca-

295 1441 368 1477 'lem
396 1438 639 1485 Pholensem,
680 1438 761 1475 ullo
803 1436 916 1474 modo
957 1438 1149 1484 concipere
1185 1437 1304 1483 possit
1333 1449 1375 1473 ea
1404 1434 1542 1471 Latina
1569 1433 1664 1471 sacta

295 1520 379 1544 esse
407 1519 456 1543 ex
484 1504 544 1543 his
575 1504 753 1551 Graecis,
796 1506 857 1553 qui
888 1505 939 1541 ita
968 1505 1147 1541 eximium
1174 1504 1284 1540 illum
1311 1501 1553 1540 Leonartlum
1579 1499 1664 1537 Au-

294 1575 484 1623 gustinum
519 1572 698 1620 deduxit,
735 1578 776 1609 ut
809 1572 1020 1608 monuimus
1055 1573 1095 1608 iu
1131 1571 1359 1619 praefatione
1393 1571 1475 1618 ejus
1503 1569 1664 1617 gemmis

296 1640 487 1688 praefixa,
527 1639 626 1687 quod
665 1646 789 1688 tamen
826 1645 912 1675 tunc
952 1652 1025 1675 non
1064 1638 1360 1676 advertebamus.
1418 1635 1511 1674 Sola
1538 1633 1664 1673 Gallia

296 1715 354 1745 est
398 1707 510 1753 hujus
553 1706 674 1754 putidi
724 1706 919 1743 commenti
966 1707 1085 1754 origo.
1153 1704 1250 1742 Nam
1294 1704 1438 1741 doctior
1473 1702 1664 1740 Erasmus

294 1781 421 1813 noster
449 1775 655 1811 rectissime
686 1773 861 1819 dederat,
891 1771 1104 1809 Herculem
1132 1770 1243 1819 apud
1268 1770 1444 1809 Pholum.
1485 1768 1615 1807 GRON.

378 1840 473 1878 ibid.
504 1837 658 1892 Παρὰ
687 1839 754 1891 τῷ
789 1834 959 1890 Φόλῳ]
1000 1837 1114 1875 Recte
1144 1837 1394 1886 Scholiastes,
1425 1838 1508 1885 quis
1537 1837 1664 1886 fuerit,

294 1910 415 1948 docet.
446 1908 629 1947 Fabulam
651 1906 801 1945 exhibet
819 1905 1081 1954 Apollodorus
1103 1904 1154 1943 Π.
1180 1908 1248 1943 46.
1265 1903 1316 1942 Β.
1341 1903 1455 1942 Adde
1473 1903 1662 1954 Polyaen-

295 1976 411 2016 Strat.
442 1975 475 2013 I.
504 1990 543 2023 p.
579 1979 644 2013 10.
673 1988 784 2022 quem
815 1975 964 2010 omnino
989 1974 1090 2021 lege.
1151 1970 1303 2010 SOLAN.

381 2041 468 2082 ead.
500 2042 528 2079 l.
562 2047 600 2080 5.
630 2038 951 2085 Λείκνυται]
983 2038 1196 2077 Δείκνυται
1225 2041 1411 2087 pictorum
1440 2052 1545 2085 esse,
1584 2037 1660 2077 vid.

296 2108 518 2150 Hemsterh.
550 2108 597 2146 ad
626 2106 756 2146 Somn.
787 2109 866 2145 sive
894 2106 1054 2154 Luciani
1083 2108 1197 2144 vitam
1226 2120 1307 2154 cap.
1339 2112 1378 2145 8.
1436 2105 1583 2144 Rmrz.

380 2176 467 2216 ead.
497 2177 524 2214 Ζ.
558 2181 596 2213 6.
627 2174 1035 2225 ῙΙεριεσοβεΐτο]
1076 2173 1160 2212 Hoc
1188 2187 1318 2212 venun
1347 2187 1455 2221 esse,
1495 2173 1662 2221 adeoque

301 2244 379 2285 ΤῘι.
408 2244 576 2292 Magisi.
606 2242 893 2289 emendandum,
922 2241 996 2279 vid.
1028 2254 1152 2289 snpra.
1182 2238 1369 2289 Alciplzr.
1393 2239 1466 2278 III.
1497 2238 1568 2289 Ep.
1595 2243 1661 2279 55.

295 2328 334 2362 p.
366 2317 461 2350 408.
503 2307 568 2347 καὶ
607 2310 679 2359 τῆς
719 2307 955 2361 φιλοτησίας
994 2308 1168 2358 συνεχῶς
1198 2305 1556 2358 περισοβουμὲνης,
1597 2308 1663 2345 ubi
1730 2323 1740 2360 ss

295 2380 436 2427 Bergl.
468 2377 561 2415 haec
588 2374 750 2414 Luciani
779 2389 928 2425 quoque
957 2376 1123 2413 contulit.
1179 2373 1325 2413 REn-z.

379 2444 467 2484 ead.
497 2444 525 2482 l.
558 2448 623 2482 11.
649 2439 763 2481 “Ort
793 2442 883 2481 καὶ
913 2437 1242 2492 μειδιάσειε]
1282 2440 1423 2480 Iterum
1453 2436 1473 2479 ὅ
1503 2454 1538 2479 τι
1569 2440 1660 2479 scri-

296 2513 482 2560 bendum,
530 2510 573 2548 id
614 2510 716 2559 quod
753 2511 911 2559 requirit
947 2522 1093 2547 sensus.
1160 2507 1278 2548 Recte
1314 2510 1521 2557 interpres,
1566 2505 1663 2558 quid

297 2579 455 2620 rideret.
491 2577 607 2617 ers.

382 2647 486 2695 Pag.
517 2647 587 2686 54.
614 2644 643 2683 l.
676 2649 744 2684 10.
772 2642 1181 2696 Παραστῆναι]
1216 2641 1378 2682 Praesto
1405 2655 1505 2690 esse,
1535 2654 1659 2690 appa·
