1743 3130
304 220 697 253 PmLOPA‘rmms
735 222 1095 256 Dlsssssn‘rA'rIO.
1335 214 1428 257 685

53 343 230 390 tentiam,
268 354 316 380 ne
353 338 509 390 phrasin
547 341 703 390 quidem
740 349 804 381 aut
842 356 993 382 versum
1020 342 1180 383 Homeri
1207 345 1426 397 allegatum,

53 413 147 447 quae
175 412 249 436 non
277 397 411 436 iisdem
435 411 554 447 paene
582 400 707 438 verbis
745 401 785 437 in
819 402 891 445 iis,
934 415 1031 450 quae
1060 400 1254 440 Lucianus
1294 404 1427 454 edidit,

50 457 308 504 reperiantur,
348 455 386 492 id
415 455 514 503 quod
542 462 684 494 temere
714 457 797 494 fieri
825 471 901 495 non
930 460 1096 506 potuisse
1125 461 1200 507 jam
1227 474 1338 509 supra
1370 462 1428 498 di-

49 518 149 549 ctum
178 518 249 550 est.
308 510 497 560 Exempla
525 511 597 550 huc
625 513 836 552 adscribere
862 516 1110 563 supersedeo:
1141 530 1214 554 non
1245 525 1301 555 est
1325 520 1426 558 enim

50 568 186 617 longus
216 567 415 618 dialogus,
445 575 484 606 et
511 571 674 619 singulis
702 571 782 608 fere
807 573 954 620 paginis
983 574 1186 621 specimina
1211 583 1424 614 occurrunt.

49 622 127 662 Sed
156 625 254 662 illud
285 632 427 663 tantum
451 625 523 664 hoc
557 628 597 664 in
634 628 716 665 loco
758 629 978 677 ostendam,
1018 632 1274 668 oeconomiam
1311 647 1425 681 quain

46 688 200 731 vocant,
229 688 268 720 et
295 681 581 730 dispositionem
611 682 903 735 Philopatridis,
934 700 1017 723 cum
1046 687 1137 734 illa,
1168 702 1262 737 quae
1292 690 1329 726 in
1356 688 1425 727 Ni-

46 738 155 787 grino
185 746 243 776 est
272 752 293 776 a
323 737 496 778 Luciano
526 740 716 791 adhibita,
755 756 804 779 ex
847 756 932 781 asse
964 745 1174 782 convenire.
1233 744 1278 783 In
1321 754 1424 784 utro-

47 808 121 843 que
161 794 312 845 dialogo
348 797 417 834 illa
458 804 516 834 est
556 799 666 846 quasi
708 800 885 847 primaria
923 799 1174 850 hypothesis,
1221 809 1262 839 ut
1297 810 1424 840 narret

47 852 167 889 amico
197 854 340 891 amicus
378 866 571 892 sermones
606 868 628 892 a
665 868 706 893 se
752 856 900 894 auditos
939 854 1343 908 ἕιέργητικωτάτους,
1384 860 1422 896 in

45 921 142 956 quos
170 909 268 946 sorte
296 909 445 947 fortuna
483 917 520 948 et
558 912 668 958 quasi
697 913 923 950 transeundo
961 914 1154 951 inciderit:
1194 915 1233 951 in
1262 914 1422 964 Nigrino

45 964 197 1012 quidem
225 964 442 1014 philosophi
471 964 676 1016 Platonici,
711 966 974 1017 Sophistarum
1003 970 1235 1018 quorundam
1266 974 1304 1009 in
1331 971 1422 1010 Phi-

44 1020 243 1069 lopatride.
301 1020 356 1059 Hi
398 1036 592 1061 sermones
628 1023 763 1062 deinde
813 1027 1064 1074 approbantur
1113 1029 1152 1064 in
1190 1027 1345 1077 Nigrino
1385 1037 1423 1068 ct

43 1076 246 1114 laudantur
273 1078 318 1115 ab
349 1092 415 1127 eo,
445 1081 510 1127 qui
539 1081 702 1128 primum
731 1082 820 1119 illos
851 1082 970 1120 audit:
999 1084 1038 1120 in
1068 1082 1326 1133 Philopatride
1355 1101 1422 1124 au-

42 1140 118 1170 tem
147 1133 353 1172 irridentur
382 1142 419 1173 et
446 1136 751 1175 condemnantur.
810 1137 978 1176 Effectus
1015 1141 1190 1188 utrinque
1219 1142 1320 1180 idem
1349 1150 1419 1191 est,

43 1191 203 1238 insignis
240 1192 380 1239 animi,
418 1195 658 1242 corporisque
697 1194 791 1233 adeo
831 1198 1012 1243 mutatio,
1055 1196 1315 1237 vehementior
1354 1201 1421 1237 illa

43 1246 198 1295 quidem
227 1249 266 1284 in
295 1246 576 1299 Philopatride,
611 1251 649 1287 in
682 1250 863 1301 Nigrino,
905 1267 975 1301 pro
1013 1254 1150 1301 objecti
1185 1256 1328 1294 scilicet
1360 1271 1421 1294 ra-

43 1304 169 1352 tione,
216 1304 351 1342 lenior.
410 1304 496 1343 Jam
549 1309 693 1345 occasio
731 1308 869 1359 dialogi
908 1312 1100 1358 utriusque
1138 1319 1196 1349 est
1243 1327 1419 1352 occursus

43 1359 220 1398 fortuitus
257 1361 417 1399 duorum
456 1372 626 1401 veterum
663 1366 890 1416 amicorum,
931 1381 1090 1415 quorum
1129 1371 1286 1407 miratur
1325 1370 1421 1408 alter

43 1417 203 1454 subitam
233 1417 389 1455 alterius
418 1421 727 1459 immutationem.
786 1421 885 1460 Tum
912 1437 983 1471 per
1023 1425 1205 1463 maximas
1244 1427 1420 1476 ambages

41 1474 260 1521 pervenitur
300 1475 450 1513 tandem
475 1477 522 1514 ad
551 1484 660 1526 caput
687 1493 842 1517 caussae
860 1509 872 1528 ‚
915 1482 954 1517 in
982 1479 1141 1529 Nigrino
1186 1496 1308 1521 moras
1352 1498 1419 1522 ne-

41 1536 163 1567 ctente
191 1532 300 1580 ipso,
340 1533 404 1580 qui
433 1541 579 1580 narrat,
621 1537 901 1585 prooemiisque
936 1537 1095 1574 alterum
1124 1540 1336 1587 ingentibus
1361 1542 1419 1578 fa-

41 1587 205 1634 tigante:
235 1588 275 1623 in
301 1596 429 1627 nostro
458 1597 608 1638 arrepta
635 1593 876 1639 jurisjurandi
905 1596 1114 1642 mentione,
1146 1610 1165 1632 a
1198 1594 1328 1645 Critia,
1354 1599 1418 1645 qui

39 1650 187 1689 narrat,
233 1646 466 1696 praestandi,
499 1645 666 1695 Triepho
694 1651 912 1697 praecipuos
940 1652 1138 1699 gentilium
1167 1652 1273 1691 Deos
1316 1656 1418 1692 salse

24 1700 273 1749 perstringit.
331 1700 423 1740 Post
471 1706 724 1743 narrationem
769 1708 940 1754 sequitur
987 1709 1026 1744 in
1068 1715 1229 1758 utroque
1268 1710 1418 1761 dialogo

42 1754 226 1806 effectus,
264 1759 328 1806 qui
357 1759 396 1795 in
425 1767 598 1799 narrante
626 1763 790 1810 primum
818 1763 963 1811 fuerat,
1002 1778 1087 1802 cum
1125 1779 1193 1814 eo,
1235 1768 1294 1804 cui
1331 1782 1417 1806 nar-

39 1818 124 1861 rat,
162 1815 474 1865 communicatio,
514 1831 610 1865 quae
649 1820 848 1867 utrobique
887 1819 1052 1858 adhibita
1091 1821 1137 1860 de
1164 1825 1266 1861 canis
1293 1825 1417 1863 rabidi

39 1881 170 1907 morsu
209 1871 459 1911 similitudine
486 1875 709 1922 explicatur.
766 1874 812 1913 In
840 1875 1106 1924 Philopatridis
1145 1879 1222 1917 fine
1265 1880 1416 1919 demum

39 1927 148 1973 quasi
176 1927 410 1976 catastrophe
438 1929 623 1977 quaedam
652 1931 850 1979 adjicitur,
891 1933 1016 1970 brevis
1044 1935 1109 1971 illa
1139 1936 1307 1985 quidem,
1346 1938 1415 1976 sed

38 1994 135 2029 quae
164 1995 293 2021 caussa
324 1985 510 2022 scribendi
540 1988 682 2037 auctori
710 1989 855 2025 exstitit
883 1990 1013 2036 procul
1050 1990 1179 2030 dubio.
1237 1991 1416 2032 Poterant

39 2035 134 2075 haec
161 2039 325 2087 amplius
351 2041 501 2090 singula
527 2041 699 2092 dilatari,
730 2044 798 2081 sed
826 2053 966 2094 metuo,
996 2060 1043 2084 ne
1072 2055 1197 2086 tamen
1225 2063 1299 2087 non
1323 2053 1414 2089 satis

37 2094 251 2144 intelligat,
292 2097 367 2134 nisi
408 2098 493 2146 quis
522 2105 678 2147 utraque
708 2098 1018 2151 συγγραμμάτια
1061 2105 1159 2142 inter
1187 2118 1228 2144 se
1258 2120 1414 2156 compo-

35 2163 128 2189 nere
154 2153 389 2191 sustinuerit.
449 2152 552 2193 Satis
579 2157 695 2204 igitur
723 2157 837 2195 fuerit
876 2157 970 2196 haec
1009 2160 1209 2200 indicasse.
1266 2161 1412 2214 Habes,

35 2203 202 2256 Lector,
238 2211 460 2248 sententiam
504 2211 551 2249 de
579 2210 837 2261 Philopatride
872 2222 1060 2266 nostram,
1099 2218 1138 2254 in
1177 2233 1290 2266 quam
1329 2234 1413 2259 clun

37 2269 122 2301 ante
151 2263 222 2303 hos
251 2267 414 2315 quinque
443 2274 482 2305 et
508 2269 641 2317 viginti
671 2283 785 2307 anuos
813 2271 1052 2321 incidissem,
1090 2287 1248 2323 eamque
1275 2277 1316 2313 iu
1343 2275 1410 2315 Je-

35 2321 210 2358 nensium
248 2320 565 2371 Philosophormn
611 2325 784 2364 cathedra
823 2327 1094 2377 disputassem;
1147 2339 1231 2370 ante
1281 2332 1411 2373 decem

36 2389 153 2414 annos
191 2379 231 2415 in
257 2376 452 2427 Lipsiensi
491 2395 639 2429 quoque
666 2381 873 2422 Academia
908 2399 991 2423 eam
1019 2388 1172 2434 publice
1211 2392 1408 2438 proposui.

34 2429 237 2480 Interiecto
265 2441 437 2484 tempore
466 2451 551 2474 cum
579 2438 739 2477 multum
777 2440 825 2478 de
862 2455 906 2478 eo
945 2443 994 2480 sit
1032 2452 1252 2493 argumento
1288 2446 1410 2485 disce-

34 2495 200 2537 ptatum,
230 2492 415 2540 quaedam
443 2495 555 2531 etiam
584 2501 711 2533 contra
739 2497 843 2535 illam
862 2512 986 2537 meam
1010 2499 1297 2548 disputationem
1320 2518 1408 2552 pro-

35 2544 111 2582 lata
139 2547 178 2582 in
206 2547 373 2586 medium
384 2552 417 2594 a)
447 2552 709 2599 cognoverim:
748 2559 891 2592 tantum
929 2562 1054 2594 tamen
1091 2558 1224 2607 abest,
1262 2565 1302 2596 ut
1342 2573 1409 2598 au-

79 2678 113 2719 a)
138 2681 215 2712 Non
250 2682 312 2714 feci
345 2683 407 2714 hac
442 2683 674 2718 dissertatione
708 2691 920 2721 mentionem
954 2691 1021 2724 ΤΟ.
1046 2691 1206 2726 ΕοκΑΒοι
1242 2695 1306 2725 viri
1330 2706 1408 2727 sane

124 2726 236 2767 docti,
261 2737 304 2762 et,
328 2728 421 2770 quod
444 2742 549 2773 aeque
573 2743 738 2775 maguum
762 2743 823 2774 cst,
850 2735 1008 2770 modesti.
1055 2736 1126 2771 Hic
1149 2739 1185 2772 in
1210 2740 1313 2777 libro,
1338 2752 1407 2783 quo
