1768 3125
296 174 388 207 1N
458 174 1160 210 ΡΗιιοΡΑτιιι-Ν.
1349 165 1442 210 605

65 293 296 347 temporibus
334 299 405 336 ista
446 297 530 337 laus
572 295 895 347 Christianorum,
943 299 1046 347 'quod
1088 312 1110 337 a
1151 300 1441 351 conjectoribus,

65 368 218 415 ariolis,
247 367 420 413 vatibus,
448 365 742 415 mathematicis,
781 374 817 404 et
846 367 885 404 id
913 380 1033 415 genus
1062 365 1277 405 hominibus
1307 368 1442 407 abhor-

55 440 218 480 Terent,
249 432 404 471 infensis
433 441 632 483 propterea
662 434 757 471 odiis
785 435 830 471 ab
876 435 956 472 illis
986 436 1147 483 excepti.
1206 433 1300 474 Vid.
1345 438 1442 476 inter

64 501 161 539 alios
199 500 357 539 Amol).
397 508 522 539 contra
561 509 691 551 gentes
734 516 771 550 p.
818 506 884 540 13.
922 504 965 540 it.
1012 502 1282 542 Tertullianus
1317 503 1440 553 Apol.

64 584 97 608 c.
129 573 198 608 43.
258 567 464 606 Laudanda
500 575 538 607 et
576 568 637 606 hic
679 576 736 607 est
775 571 1078 618 incomparabilis
1119 572 1191 608 viri
1228 571 1294 612 Jo.
1335 571 1439 613 Alb.

62 637 242 676 Fabricii
270 637 479 685 industria,
521 638 584 685 qui
624 635 727 675 Bibl.
760 635 997 687 Graec-111,
1031 642 1098 676 20.
1137 653 1176 686 p.
1219 643 1313 679 518.
1356 654 1439 689 seq.

63 706 295 744 concinnavit
333 705 543 753 catalogum
583 705 765 743 selectum
805 707 1055 755 scriptorum,
1096 707 1159 753 qui
1198 709 1441 757 astrologiam

62 774 403 822 apotelesmaticam
433 780 709 822 oppugnarunt,
746 786 839 821 quos
868 774 966 811 inter
992 775 1113 821 primo
1143 774 1227 811 loco
1258 774 1441 814 Christia-

59 854 129 879 nos
159 848 303 879 veteres
334 841 542 879 collocavit.
602 840 681 891 Qui
710 854 799 889 ergo
829 840 968 877 sactum
997 841 1187 887 dicemus,
1228 849 1270 879 ut
1307 857 1351 881 ea
1381 851 1439 882 ta-

59 921 146 946 men
174 922 242 957 per
271 908 455 956 posticum
486 909 593 955 quasi
622 915 773 956 recepta
801 909 854 945 ita
898 907 963 944 diu
1002 909 1041 945 in
1071 906 1285 948 Christiano
1325 913 1439 949 etiam

58 977 149 1014 orbe
177 976 366 1024 vig-uerit?
427 973 557 1014 GESN.

143 1042 230 1081 ead.
262 1043 289 1080 l.
325 1046 390 1081 16.
426 1041 715 1095 Γραϊὸίων]
746 1043 872 1083 Etiam
901 1043 1105 1082 hodienum
1135 1043 1333 1082 edentulae
1370 1059 1440 1093 po—

56 1111 132 1148 tius
161 1111 424 1158 mulierculae,
457 1125 570 1158 quam
595 1113 690 1160 viri,
720 1115 868 1161 magiae
900 1119 938 1150 et
965 1113 1255 1149 incantationum
1284 1113 1440 1150 crimine

56 1173 315 1215 traducuntur.
376 1176 530 1215 Scilicet
559 1178 690 1226 judicii
719 1180 932 1228 viriumque
960 1180 1198 1217 imbecillitas
1215 1207 1225 1226 ‚
1257 1192 1352 1226 quae
1377 1194 1440 1218 se-

56 1247 144 1292 xui,
177 1260 260 1283 cum
291 1247 465 1301 avaritia,
507 1260 602 1294 quae
643 1248 756 1284 aetati
794 1248 954 1296 quodam
992 1247 1104 1285 modo
1143 1247 1325 1293 naturalis
1365 1254 1438 1297 est,

58 1316 273 1362 conjuncta,
304 1314 611 1361 superstitionum
639 1314 823 1352 foecunda
850 1323 970 1353 mater
1015 1329 1099 1353 esse
1134 1314 1244 1352 solet.
1306 1314 1437 1353 Gnsx.

141 1381 243 1429 Pag.
277 1384 370 1419 246.
404 1381 431 1418 ἵ.
464 1384 505 1419 4.
537 1380 876 1433 Κεκαρμέιόι
907 1380 998 1433 τὴν
1027 1378 1268 1433 γνώμην]
1312 1381 1436 1420 Mira-

54 1449 142 1486 bilis
171 1449 348 1497 loquendi
378 1450 524 1497 forma,
555 1449 738 1487 detonsus
769 1460 890 1488 mente
917 1452 995 1488 sive
1022 1451 1221 1489 sementia.
1272 1448 1350 1488 Sed
1377 1451 1437 1487 lu-

53 1531 139 1554 cem
165 1515 225 1553 hie
255 1518 366 1553 etiam
396 1516 555 1554 affundit
582 1516 807 1566 Luc-ianus,
848 1519 912 1566 qui
942 1516 1204 1566 Paphlagonas
1246 1518 1286 1554 in
1318 1516 1437 1555 Pseu-

58 1584 231 1622 domante
259 1597 291 1622 c.
325 1588 402 1621 15.v
420 1592 529 1622 vocat
557 1581 651 1630 τούς
681 1581 923 1637 ἐγκεφάλους
951 1584 1016 1622 καὶ,
1046 1581 1119 1629 τὰς
1143 1583 1312 1635 καρδίας
1334 1599 1435 1635 7100-

60 1649 350 1703 εξυρημέιόυς,
380 1652 419 1689 id
449 1659 532 1700 est,
558 1660 600 1690 ut
628 1655 879 1701 interpretor,
923 1655 1047 1690 ovium
1089 1654 1207 1689 instar
1246 1653 1436 1701 lanigera·-

58 1733 167 1767 rum,
196 1719 418 1767 tonderique
458 1720 674 1767 solitarum,
715 1720 866 1768 stupido
904 1719 1107 1768 hebetique
1136 1722 1285 1768 ingenio
1325 1734 1435 1768 prae-

56 1787 179 1824 ditos:
209 1789 336 1824 statim
366 1789 464 1825 enim
494 1788 665 1835 subjicit,
705 1785 820 1825 οὐδὲν
851 1783 1029 1833 ἐοικότας
1057 1789 1175 1825 fuisse
1204 1788 1291 1824 illos
1322 1802 1434 1825 mro-

59 1849 205 1905 φάγοις
244 1849 476 1903 cliduchum·
503 1852 606 1892 ἀλλὰ
645 1851 750 1906 μόνῃ
789 1856 838 1906 τῇ
877 1855 1018 1906 μορφῇ
1052 1851 1109 1905 μὴ
1158 1852 1203 1891 οὗ
1245 1850 1432 1905 πρόβατα

58 1915 155 1959 εἶναι
198 1918 477 1972 διαφέροντας.
536 1918 661 1959 Etiam
700 1936 780 1970 cap.
822 1927 860 1960 6.
906 1922 1078 1968 dixerat,
1127 1917 1222 1966 τοὺς
1260 1919 1434 1967 πολλοῦς

57 1985 352 2039 ἀποκείροντες,
396 1990 422 2026 i.
463 2002 497 2026 e.
536 1985 777 2038 ἀπατῶντες.
835 1987 963 2026 Nostri
994 1987 1173 2026 Germani
1210 2003 1284 2026 non
1320 1989 1433 2027 modo

56 2056 238 2103 tondere,
279 2053 459 2102 scherem,
500 2062 642 2103 ponunt
679 2070 747 2104 pro
773 2056 934 2093 ludibrio
971 2055 1137 2104 habere3
1177 2056 1244 2093 sed
1281 2056 1433 2103 quidam

56 2125 169 2162 etiam
196 2122 373 2160 balbiren
412 2122 561 2171 dicunt,
600 2124 627 2161 i.
668 2136 703 2160 e.
746 2124 900 2160 barbam
940 2123 1098 2169 radere,
1140 2137 1208 2170 pro
1245 2122 1433 2161 Plautino

55 2205 154 2229 auro
205 2205 422 2239 emungere.
480 2189 539 2227 Ita
584 2187 620 2227 οἱ
674 2185 729 2238 ο’,
781 2191 882 2239 quod
921 2192 960 2228 iu
999 2191 1110 2228 Cant.
1151 2188 1241 2239 IV,
1293 2195 1333 2229 2.
1375 2197 1433 2228 est

55 2267 230 2308 {77:5pr
268 2269 369 2305 572,
419 2258 534 2295 simili
572 2258 697 2305 ellipsi
736 2258 933 2296 reddidere
980 2254 1116 2309 ἀγέλαι
1166 2258 1246 2295 τῶν
1287 2272 1432 2309 κεκαρ-

56 2323 203 2377 μὲνων.
260 2324 306 2363 In
334 2327 416 2373 ipsa
448 2331 572 2362 autem
602 2325 751 2363 calvitie
778 2333 814 2364 et
839 2338 925 2363 raso
956 2327 1074 2374 capite
1099 2325 1247 2363 videtur
1288 2326 1431 2373 aliquid

55 2395 146 2432 olim
173 2394 292 2431 fuisse
322 2393 522 2430 contemtui
552 2392 767 2430 obnoxium.
825 2391 935 2431 Unde
974 2394 1137 2442 graviter
1164 2393 1256 2430 adeo
1300 2393 1430 2430 irasci-

55 2468 116 2500 tur
142 2460 247 2499 Elisa
273 2462 401 2508 pueris
428 2460 613 2497 calvitiem
638 2461 709 2498 sibi
730 2462 1055 2508 exprobrantibus.
1094 2459 1246 2497 Nonius
1272 2461 1429 2498 verbum

56 2529 206 2568 caluere
234 2527 436 2566 deductum
464 2529 608 2576 putavit
638 2543 663 2565 a
691 2530 815 2565 mimis
844 2529 976 2575 calvis,
1017 2530 1082 2579 qui
1109 2527 1281 2565 omnibus
1307 2537 1428 2566 essent

44 2598 296 2651 frustraturi,
339 2611 414 2645 quo
455 2596 537 2634 loco
566 2597 682 2633 utitur
709 2594 1035 2642 Elmenlzorstius,
1079 2596 1125 2632 ad
1162 2596 1427 2634 illustrandum

55 2665 175 2715 illud,
192 2664 305 2714 'quod
333 2670 391 2703 est
419 2663 519 2713 apud
545 2663 769 2703 Amabium
797 2670 925 2703 contra
953 2670 1084 2714 gentes
1112 2662 1141 2700 l.
1173 2667 1212 2702 3.
1256 2677 1295 2712 p.
1328 2667 1425 2702 239.
