1740 3095
286 148 386 199 556
593 170 1367 203 ADNOTATIONES

282 288 384 327 docti
409 289 457 327 acl
485 289 642 328 Petron.
673 305 708 331 c.
742 295 808 330 17.
839 305 878 340 p.
906 293 973 331 58.
1003 289 1240 342 Nota-sunt,
1275 291 1329 330 de.
1351 288 1460 332 antro
1484 288 1657 342 Tropho-

282 358 340 393 nii
369 371 465 405 quae
492 358 678 396 dicuutur.
739 357 867 396 Gnsx.

367 424 463 462 ibid.
491 421 571 462 Ἐκ
599 423 823 476 προνοιά
837 429 879 471 ς]
912 424 943 463 I.
974 439 1009 464 e.
1037 439 1086 464 ex
1110 425 1186 465 Dei
1214 427 1459 476 providentia.
1492 426 1655 467 GUYET.

280 487 497 529 Miserrima
527 492 726 530 affectatio.
785 491 938 541 Spcmh.
965 493 1012 531 ad
1042 494 1196 532 Gallim.
1229 499 1323 534 610.
1360 496 1530 533 consulto
1570 509 1656 533 ver-

280 559 348 607 tit,
380 561 547 607 quamvis
577 561 678 599 idem
705 563 947 609 inopinatum
975 571 1213 611 conspectum
1243 562 1416 602 dixisset.
1464 561 1560 602 Vid.
1585 575 1655 611 pro

279 623 399 674 Laps.
432 640 512 674 cap.
546 632 611 666 14.
672 627 832 667 SoLAN.

365 692 452 730 ead.
482 693 510 731 l.
544 698 584 732 4.
605 686 661 732 ΊΩ
690 693 816 733 καλὲ
846 694 1067 748 Κριτία]
1099 693 1397 749 Προςφώνησιν
1424 695 1540 744 hanc,
1570 702 1655 734 utut

276 758 428 798 Latinis
454 762 580 809 paullo
610 763 782 800 videatur
810 765 1054 813 insolentior,
1095 778 1169 801 non
1210 766 1339 813 putavi
1379 763 1654 813 refugiendam,

276 829 424 866 scilicet
451 830 575 877 ipsum
601 837 753 867 secutus
784 831 1015 880 Ciceronem,
1056 833 1144 879 qui,
1188 846 1271 870 cum
1315 845 1364 870 ex
1396 830 1540 869 Graeco
1569 845 1654 869 ver-

278 896 433 933 tendum
463 903 586 947 esset,
629 895 805 947 npont'mo
843 899 899 950 τῷ
941 898 1050 951 καλῷ
1090 898 1260 953 Κριτίᾳ,
1301 900 1396 937 dixit
1434 898 1588 936 Tuscul.
1617 897 1651 937 Ῑ.

275 977 310 1001 c.
343 968 412 1002 40.
434 966 605 1012 propino
645 962 716 1002 Ῐιοο
745 964 912 1013 pulchro
954 966 1114 1005 Critiae.
1173 967 1414 1018 Quamquam
1452 981 1520 1004 nec
1556 964 1653 1004 illud

274 1031 432 1079 ignoro,
474 1030 631 1070 Critiam
670 1033 778 1069 illum
817 1031 1051 1070 Socraticum
1093 1047 1116 1072 a
1157 1035 1324 1083 corporis
1372 1033 1652 1082 pulchritudine

275 1098 470 1135 celebrari.
532 1097 657 1136 GEsN.

360 1164 448 1203 ead.
489 1165 517 1203 Ι.
561 1168 599 1204 5.
640 1163 1060 1218 Αυςχεραίνεις]
1107 1164 1300 1205 Luciauus
1338 1168 1378 1204 in
1415 1164 1531 1204 Votis
1569 1167 1650 1205 sive

272 1230 373 1271 Navi
410 1247 443 1271 c.
479 1238 542 1271 10.
585 1228 610 1283 ἢ
650 1231 891 1287 δυςχεραίιέι
939 1229 1045 1272 καθ’
1095 1229 1236 1285 ἡμῶν,
1288 1229 1313 1285 ἢ
1355 1229 1649 1287 ἐκκεκώφωται.

273 1299 404 1338 (ὶΕεΝ.

359 1367 447 1406 ead.
474 1368 502 1406 l.
535 1374 575 1408 6.
595 1364 657 1406 Ἠ
681 1367 887 1419 καὶτῆς
911 1364 1120 1421 χειρὸς]
1157 1366 1224 1406 An
1251 1363 1369 1420 ἢκαὶ
1401 1366 1443 1408 ἐκ
1468 1369 1539 1420 τῆς
1561 1382 1649 1419 χει-

273 1429 367 1488 969,-
398 1435 562 1474 Gon-r.

357 1502 445 1541 cad.
473 1503 502 1541 l.
531 1508 570 1543 8.
614 1499 1106 1554 Λιενειλημμὲιόν]
1152 1500 1345 1540 omittunt
1380 1501 1451 1541 hoc
1489 1503 1646 1541 verbum

270 1567 433 1609 Lexica.
491 1569 571 1609 Sed
612 1578 736 1608 tamen
775 1571 864 1619 quid
914 1573 964 1608 sit
1005 1566 1356 1621 ἐλλτιιιιβάνεσθαι,
1410 1571 1558 1608 tradunt
1597 1584 1647 1610 ex

270 1637 529 1688 Dioscorida,
559 1641 735 1676 nimirum
765 1639 963 1687 amplecti,
995 1639 1271 1686 circumplecti,
1303 1652 1386 1676 cum
1417 1639 1463 1677 (le
1493 1653 1645 1688 capreo-

270 1705 320 1743 lis
349 1707 503 1754 vitium,
532 1706 594 1743 vel
622 1707 812 1744 claviculis
842 1720 965 1743 sermo
996 1714 1074 1754 est,
1106 1720 1262 1754 quarum
1293 1707 1384 1743 illae
1414 1714 1513 1744 arcto
1543 1721 1645 1745 com-

268 1774 388 1821 plexu
417 1773 465 1810 ad
493 1775 601 1821 palos
631 1775 855 1821 arboresque
885 1786 969 1809 sese
1000 1774 1199 1820 applicant.
1258 1771 1343 1810 Erit
1370 1775 1487 1822 igitur
1507 1773 1645 1813 διενει-

269 1838 471 1891 λημμείὀς
498 1836 639 1891 λόγος,
665 1841 883 1888 intricatus,
913 1840 1127 1887 implexus,
1159 1840 1339 1877 difficilis.
1400 1839 1538 1879 GESN.

356 1907 451 1945 ibid.
486 1903 894 1957 Ὰιάπεμπάζω]
929 1906 1121 1944 Luciauus
1161 1909 1203 1944 in
1233 1906 1347 1945 Gallo
1390 1922 1425 1946 e.
1457 1913 1497 1948 5.
1539 1904 1642 1946 ἂνα-

271 1970 454 2027 πεμπάζῃ
484 1972 553 2013 τὸν
583 1972 748 2027 ὄνειρον.
809 1975 937 2014 GEsN.

353 2041 441 2080 ead.
469 2043 497 2080 I.
533 2047 598 2082 10.
633 2043 832 2089 Ταῦτα,
865 2040 980 2088 καὶ]
1022 2041 1130 2092 Lege
1159 2036 1299 2080 ταύτά.
1361 2040 1526 2080 GUYET.

352 2110 449 2149 ibid.
482 2105 789 2159 Ἀποψύξω]
839 2108 970 2147 Gloss.
1003 2108 1180 2147 Graecol.
1212 2103 1440 2160 ἀποψῦχω,
1479 2110 1639 2160 dirigeo.

267 2175 437 2217 Gumr.
494 2178 600 2217 Idem
629 2176 739 2214 habet
766 2176 996 2225 Ilffenagius.
1055 2176 1203 2215 Rmrz.

351 2244 439 2283 ead.
469 2245 498 2283 l.
532 2249 599 2283 12.
630 2240 995 2295 Σκοτοὸινήσα
1008 2247 1051 2291 ς]
1091 2244 1282 2283 Lucianus
1324 2246 1363 2283 in
1391 2243 1638 2293 Philopseud·

267 2326 302 2351 c.
333 2317 400 2352 24.
433 2307 488 2359 ὥς
514 2308 571 2362 μὴ
602 2307 905 2357 σκοτοδινιάσας
930 2310 1137 2362 ἐμπέσοιμι
1169 2311 1228 2350 ἐπὶ
1259 2307 1450 2364 κεφαλήν.’
1505 2312 1636 2352 GEsN.

353 2379 441 2418 ead.
470 2380 499 2417 Ζ.
533 2384 600 2418 13.
640 2374 1051 2431 Κλεομβρότου]
1089 2379 1194 2424 Hic,
1245 2380 1342 2417 lecto
1380 2378 1547 2417 Platonis
1589 2380 1636 2418 de

268 2450 413 2487 animae
453 2447 736 2485 immortalitate
776 2446 895 2494 libro,
942 2448 1183 2495 praecipitem
1217 2460 1259 2484 se
1294 2447 1341 2484 de
1382 2460 1475 2485 saxo
1518 2446 1633 2485 dedit.

266 2516 425 2556 SoLAN.
482 2514 728 2552 Notissimum
759 2520 814 2551 est
843 2512 1069 2552 Callimachi
1097 2516 1135 2551 in
1157 2528 1243 2553 eum
1271 2513 1538 2563 Epigramma,
1565 2513 1634 2552 sed

267 2585 380 2621 nimis
408 2578 628 2631 pulchrum,
657 2588 698 2618 ut
725 2595 799 2618 non
824 2580 886 2617 hic
914 2581 1157 2621 adscribatur.
1215 2581 1287 2621 Est
1328 2589 1452 2621 autem
1479 2583 1519 2619 in
1549 2578 1633 2619 Au-
1661 2598 1663 2600 ·

269 2651 411 2701 tholog.
442 2647 588 2691 Graeca
614 2649 644 2690 l.
675 2653 715 2689 3.
750 2648 943 2687 ultimum:
