1768 3125
4 2596 6 2613 -
3 2522 8 2590 -.,.
3 2480 8 2516 fin„
2 2281 11 2432 *qq-5„-

303 173 694 207 PHILOPA‘rmms
727 174 1090 207 mssssn’m'mo.
1332 163 1426 207 659

49 302 126 349 jam
170 299 262 337 olim
301 297 502 346 attulerat3
544 302 587 334 ut
628 302 829 346 appareat,
873 310 948 334 non
992 297 1095 344 ipsos
1129 295 1237 333 illum
1270 309 1426 346 magnos

51 374 220 406 auctores
250 367 491 415 cognovisse,
523 365 591 402 sed
620 378 669 402 ex
697 366 768 402 viri
798 378 886 402 suae
917 366 1029 402 aetati
1058 365 1243 412 propioris
1283 365 1427 413 aliquot

50 435 208 484 dialogis
238 435 419 483 pleraque
450 434 742 471 consarcinasse.
802 431 864 470 Ex
892 431 1166 480 Aristophanis
1200 439 1324 470 tamen
1348 431 1428 470 Nu-

50 503 160 541 bibus
187 509 223 540 et
254 501 371 539 Rauis
403 501 587 549 quaedam
615 500 750 548 habet,
781 506 823 537 ut
851 507 888 537 et
914 499 1117 538 Homerica
1147 513 1286 549 panca,
1331 513 1427 549 quae

49 571 149 619 apud
178 570 390 608 Luciauum
419 569 584 607 nondum
614 569 823 606 observavi.
884 566 936 605 Ut
965 581 1054 606 mox
1088 568 1134 605 ab
1172 569 1279 605 initio
1319 582 1352 608 c.
1386 573 1425 607 3.

50 640 154 688 ponit
183 653 232 677 ex
261 637 456 686 Homero,
490 632 603 675 Ἀλλ’
639 633 718 674 ἐπεὶ
757 632 800 673 σὲ
839 636 997 687 πρῶτον
1040 631 1189 685 κιχάνω
1230 632 1332 688 τῷδ’
1373 634 1427 674 ἐνὶ

46 702 197 760 χώρῳ,
229 702 407 755 ἀνιῶμεν
437 719 473 742 κ.
504 718 540 743 τ.
573 705 607 742 λ.
666 702 828 742 Amicus
858 710 1056 742 veteranus
1086 704 1195 741 alteri
1224 706 1367 752 amico,
1406 717 1428 742 a

51 788 126 823 quo
155 775 388 822 aliquantum
418 773 583 810 abfuisse
613 785 687 810 non
716 778 879 819 constat,
921 773 1071 820 quicum
1108 774 1184 820 jam
1226 773 1333 820 plura
1368 772 1428 811 100.

49 849 156 880 cutus
178 849 269 891 est,
301 842 408 879 dicit:
449 843 630 891 quoniam
651 842 826 888 primum
852 838 921 878 lzoc
950 840 1031 878 loco
1058 849 1094 877 te
1121 842 1298 888 reperio,
1339 855 1426 889 age,

48 910 143 948 illuc
171 909 376 957 abeamus,
403 907 472 945 uhi
499 911 697 956 respirare
726 922 752 944 a
777 907 880 944 malo
908 921 988 945 meo
1011 910 1172 956 possim.
1228 908 1334 945 Inter
1360 908 1429 946 ho-

48 979 151 1014 noris
177 977 321 1025 verba,
357 977 463 1013 aulae
494 976 680 1024 imprimis
718 975 947 1024 incolarum,
987 989 1072 1012 cum
1111 975 1158 1012 ad
1195 976 1326 1023 epulas
1368 983 1431 1013 aut

49 1046 329 1082 comissationes
358 1044 538 1091 pellicere
567 1043 731 1080 advenas
772 1044 928 1090 volunt,
973 1041 1066 1080 haec
1106 1043 1194 1080 talia
1237 1057 1321 1082 esse
1359 1045 1432 1082 sci-

47 1125 156 1150 mus:
192 1112 293 1160 apud
320 1110 532 1149 Homerum
560 1109 715 1158 pulchre
746 1110 907 1159 dicitur,
950 1102 982 1149 ὦ
1019 1107 1126 1162 φίλ’,
1167 1109 1252 1148 ἐπεί
1277 1125 1319 1149 σε
1347 1107 1431 1150 θύ-

50 1194 147 1218 οντα
176 1175 326 1229 κιχάνω
356 1175 457 1230 τῷὸ”
492 1175 546 1216 ἐνὶ
571 1173 722 1230 χώρῳ·
761 1178 827 1216 sed
867 1180 905 1215 in
941 1177 1012 1216 hoc
1042 1177 1307 1226 Philopatridis
1346 1179 1430 1217 loco

49 1255 138 1286 sunt
163 1260 332 1296 prorsus,
367 1248 405 1285 si
435 1246 527 1295 quid
554 1245 691 1295 video,
724 1241 1034 1297 ἀπροςδιόνυσα.
1093 1245 1257 1296 Deinde,
1287 1248 1320 1285 si
1351 1261 1432 1285 car-

50 1329 134 1353 men
163 1329 248 1353 esse
279 1315 416 1363 debet,
447 1322 489 1351 ut
519 1322 617 1352 certe
647 1321 825 1362 apparet,
871 1315 930 1353 bis
960 1316 999 1352 in
1027 1316 1137 1352 metri
1165 1315 1271 1364 leges
1301 1328 1432 1363 pecca-

51 1390 131 1420 tum
161 1389 231 1420 est.
292 1381 489 1432 Primum,
521 1396 606 1420 cum
635 1383 823 1430 posterior
849 1383 888 1418 in
919 1381 1020 1429 ἐπεὶ,
1051 1388 1179 1420 contra
1209 1375 1431 1432 diphthongi

49 1457 241 1496 naturam,
274 1458 447 1498 correpta
477 1457 555 1499 θείς
587 1456 666 1487 tum
694 1449 842 1497 quando
872 1451 991 1497 prima
1021 1451 1058 1486 in
1087 1445 1262 1500 κιχάνω,
1306 1452 1431 1489 brevis

50 1518 150 1566 apud
192 1517 405 1556 Homerum
457 1525 495 1555 et
544 1520 707 1566 optimos
747 1530 944 1565 quosque,
989 1517 1169 1564 producta
1219 1509 1430 1557 adhibetur.

50 1583 135 1624 Non
165 1585 331 1623 defuisse
361 1593 489 1623 autem
516 1586 617 1634 apud
648 1585 814 1623 Graecos
844 1585 964 1621 malos
993 1586 1150 1634 poetas,
1192 1587 1257 1634 qui
1292 1587 1355 1624 vel
1393 1587 1433 1623 iu

50 1653 214 1703 syllabis
244 1652 482 1691 dimetiendis
511 1655 785 1702 impingerent,
823 1650 1101 1690 ιιθ»1ιοῑ1ἰει·ιιί8
1129 1659 1273 1690 tantum
1311 1653 1433 1692 homi-

49 1722 161 1759 nibus
201 1720 296 1759 hanc
333 1721 486 1758 laudem
517 1722 688 1758 relictam
725 1727 855 1768 putes,
895 1720 960 1757 vel
999 1732 1049 1757 ex
1086 1722 1248 1768 nuptiali
1287 1722 1432 1771 elegeio

51 1790 182 1827 miseri
220 1789 416 1837 cujusdam
443 1791 600 1837 poetae,
639 1787 740 1836 quod
767 1787 994 1826 Lucl-ANUS
1023 1789 1067 1824 in
1097 1785 1284 1838 Lapithis
1296 1791 1333 1838 a)
1373 1790 1434 1828 ask·

51 1857 151 1906 fert,
183 1863 354 1896 constare
383 1858 476 1894 satis
505 1869 693 1905 superque
723 1857 858 1904 possit.
916 1852 1054 1902 Incipit

148 1919 211 1962 ‘H-
230 1922 295 1975 0ἳή
321 1919 415 1963 πότ’
443 1919 519 1973 ἄρ’
551 1919 619 1974 ἥγε
642 1919 937 1975 Ἀρισταινέτου
958 1919 1030 1958 —ae'w
1042 1915 1233 1973 μεγάροις
1261 1937 1298 1960 κ.
1329 1937 1365 1962 τ.
1396 1925 1433 1963 λ.

50 1991 266 2032 Meliorane
294 1998 420 2029 autem
449 1997 558 2040 sunt,
589 2004 685 2039 quae
709 1993 947 2038 sequuntur,
978 1986 1115 2026 Nostri
1137 1991 1332 2030 carmina?
1367 1991 1434 2030 Jo-

51 2073 139 2100 vem
158 2059 256 2097 >dicit
284 2073 318 2097 c.
353 2061 394 2096 4.
425 2055 1035 2108 ovvevwxefoffa'c'‘Aethiopibus,

158 2122 351 2178 Ἀνδράσι
379 2123 757 2177 μελαντέροιςγκαὶ
787 2120 860 2174 τὴν
891 2119 988 2172 ὄψιν
1019 2119 1299 2175 ἓζοφωμένοιζ.

53 2194 186 2245 Euge,
216 2195 358 2242 septies
385 2190 579 2241 peccatum
608 2194 647 2230 in
676 2188 835 2241 pedibus
869 2204 952 2229 sex.
1012 2189 1097 2231 Vix
1125 2205 1278 2230 versum
1320 2207 1436 2243 agno-

54 2276 163 2313 scas,
191 2262 267 2299 nisi
295 2261 344 2299 de
372 2262 503 2299 morbo
530 2259 717 2307 hominis,
758 2266 796 2298 et
832 2260 983 2308 politico
1023 2259 1094 2296 fflo
1123 2261 1327 2298 carminum
1369 2275 1436 2310 ge-

54 2343 146 2369 nere
174 2328 374 2378 paullatim
402 2342 424 2366 e
453 2329 592 2365 talibus
622 2335 704 2366 orto
734 2333 956 2366 constaret.-
991 2324 1037 2364 In
1066 2321 1172 2380 ὅρκῳ
1203 2319 1240 2366 cs
1267 2332 1335 2366 12.
1358 2329 1435 2376 pri-

54 2411 160 2436 mum
187 2395 406 2434 hexameter
434 2397 578 2444 positus
604 2402 684 2444 est,
725 2396 957 2443 tumss‘rpauca
995 2407 1107 2443 prosa
1143 2396 1312 2433 oratione
1341 2396 1434 2433 scri-

57 2472 146 2515 pta,
176 2474 268 2501 mox
294 2462 419 2501 Jambi
447 2470 656 2512 sequnntur
684 2464 849 2512 quinque
865 2491 878 2512 ‚
920 2469 957 2500 et
986 2457 1180 2510 senarius,
1223 2464 1296 2500 nisi
1336 2462 1436 2511 quod

56 2535 201 2584 primus
227 2545 296 2581 pes
324 2538 452 2569 contra
481 2532 654 2570 carminis
679 2532 818 2581 legem·
833 2529 1032 2570 trochaeus
1062 2537 1134 2569 est.
1171 2528 1282 2568 Alibi
1311 2544 1344 2569 c.
1369 2534 1434 2569 16.

53 2595 190 2653 βιώσῃ
219 2598 378 2649 καλῶς,
406 2599 541 2649 inquit,

105 2677 141 2719 a)
164 2678 246 2723 Cap.
276 2676 335 2710 41.

1042 2730 1076 2770 T
1092 2739 1107 2770 t
1123 2736 1147 2771 2
