1740 3095
269 123 362 167 552
600 135 1373 177 ΑΒΝοΤΑΤιοΝΕε

268 269 359 294 num
387 256 505 293 fuisse
532 256 577 293 ab
606 253 766 292 Luciani
795 255 987 304 instituto,
1029 255 1194 293 scribere
1234 262 1321 304 post
1356 253 1455 293 hunc
1483 261 1521 293 et
1548 254 1643 293 alios

270 324 464 373 dialogos,
504 324 639 371 quibus
668 323 826 359 ulterius
857 322 904 360 de
945 323 1180 361 soloecismis
1216 329 1316 360 esset
1353 330 1515 360 acturus.
1571 320 1646 359 Ait

271 393 396 438 enim,
428 387 572 428 οὐκοῦν
602 385 653 427 τὰ
676 385 795 427 λοιπὰ
818 388 998 435 ξιξ-αὗθις
1024 385 1329 440 ἀναβαλώλιιεθα
1345 401 1357 413 ·
1386 391 1457 427 νῦν
1483 386 1526 427 δὲ
1554 387 1645 426 δια-

272 455 453 508 λύσωμεν
481 455 549 495 τὸν
581 451 781 507 διάλογον.
839 456 998 507 Fateor,
1041 472 1116 495 non
1156 459 1264 506 sequi
1302 465 1387 506 post
1427 457 1525 496 hunc
1551 458 1646 495 alios

272 541 386 575 super
413 525 483 562 hoc
510 532 728 574 argumento
758 525 953 574 dialogos3
1002 526 1092 563 satis
1122 532 1246 563 tamen
1274 526 1514 563 manifestum
1541 532 1646 574 puto,

272 593 369 632 illud
400 593 469 630 νῦν
500 589 543 629 δὲ
576 588 826 642 διαλύσωμεν
856 589 924 631 τὸν
955 587 1143 644 διάλογον
1161 622 1173 642 ‚
1213 600 1355 631 tantum
1395 593 1443 630 de
1471 592 1540 631 hoc
1570 593 1648 630 dia-

273 661 361 710 log-o
401 660 621 708 capiendum
660 673 757 697 esse.
800 658 915 697 JENS.
973 659 1057 698 Non
1097 661 1303 698 andiendus
1342 668 1403 699 est
1431 659 1649 698 Bourdelo-

274 731 372 776 iius,
417 742 501 765 cum
538 742 587 765 ex
627 727 686 765 his
724 729 847 765 verbis
878 735 1178 776 argumentatur,
1222 728 1320 765 hunc
1358 741 1442 766 esse
1477 728 1651 770 ultimum

275 795 510 843 djalogormn
537 796 655 842 ipsius
682 795 867 844 Luciani,
897 797 1065 843 reliquos
1094 797 1371 844 suppositicios.
1429 793 1536 832 Vera
1566 808 1650 832 esse

276 869 401 911 potest
430 864 511 911 ipsa
540 864 771 911 propositio,
806 863 874 901 sed
904 870 1163 911 argumentum
1187 864 1384 900 lubricum.
1444 860 1509 900 Sic
1538 862 1651 911 paulo

279 937 365 967 ante
395 929 513 976 dixit,
548 926 704 979 μακρὸν
734 926 810 981 γὰρ
841 926 890 967 ἂν
920 925 1156 979 ποιήσαιμεν
1184 927 1254 968 τὸν
1282 926 1481 980 διάλογον.
1521 928 1650 968 GESN.

279 997 432 1049 Quippe
462 1011 534 1034 non
564 998 655 1034 satis
685 996 756 1034 hoc
784 999 991 1044 respiciunt
1018 999 1089 1034 viri
1130 997 1251 1046 docti,
1295 998 1409 1035 verba
1448 996 1542 1035 haec
1579 1011 1652 1045 po-

280 1072 419 1104 strema
447 1065 494 1102 ad
522 1065 683 1102 formam
710 1063 824 1111 hujus
854 1065 996 1112 dialogi
1024 1064 1150 1101 fictam
1179 1066 1394 1113 pertinere3
1435 1079 1504 1102 nec
1545 1064 1653 1112 quid-

279 1146 393 1181 quam
425 1132 525 1169 ultra
561 1130 674 1180 hujus
711 1133 829 1179 ipsius
868 1131 991 1168 libelli
1032 1133 1212 1170 terminos
1254 1132 1384 1181 colligi
1417 1131 1503 1169 hinc
1541 1144 1654 1180 posse

279 1205 384 1248 puto.
445 1198 587 1237 LEHM.

471 1410 572 1458 IN
669 1410 1465 1462 PHILOPATRIN.

368 1536 471 1585 Pag.
504 1540 600 1574 222.
631 1536 658 1573 Ι.
692 1541 730 1574 1.
767 1533 1166 1585 OEIAOHATPIE]
1198 1535 1283 1574 Non
1313 1543 1370 1574 est
1397 1535 1658 1592 hu‘juscenLu-

286 1607 404 1653 ciani,
435 1604 502 1642 sed
527 1605 747 1651 antiquioris
776 1605 950 1651 alicujus.
1008 1601 1135 1641 Multa
1175 1604 1214 1641 id
1252 1611 1438 1653 arguunt,
1475 1606 1658 1652 primum-

288 1687 361 1722 que
399 1673 562 1720 ineptiae
600 1672 720 1720 styli,
766 1685 850 1708 cum
889 1672 985 1709 aliae
1021 1672 1199 1725 omnibus
1233 1673 1404 1720 paginis,
1449 1678 1529 1709 tum
1568 1673 1660 1711 illae

289 1736 367 1792 (pi),
411 1735 490 1790 φὺ,
529 1745 601 1776 etc.
661 1736 810 1775 Deinde
849 1740 943 1775 ratio
982 1739 1179 1786 temporis.
1235 1737 1333 1776 Nam
1370 1737 1496 1788 Syrus
1533 1746 1662 1779 noster

286 1805 482 1844 Lucianus
511 1807 673 1853 pervixit
701 1805 747 1842 ad
776 1812 923 1853 tempus
953 1806 1047 1843 belli
1070 1804 1362 1854 ll'larcomanici,
1394 1820 1488 1843 anno
1519 1805 1659 1846 Christ.

293 1879 387 1913 171.
419 1880 460 1910 ut
488 1879 588 1921 patet
624 1874 662 1909 in
691 1871 990 1910 Pseudomame:
1029 1880 1066 1910 at
1106 1872 1168 1910 hic
1198 1873 1334 1910 nebulo
1364 1886 1405 1910 se
1434 1874 1663 1921 baptizatum

290 1942 477 1991 significat
505 1955 527 1978 a
553 1940 606 1978 D.
637 1938 768 1977 Paulo.
827 1939 968 1978 Paulus
997 1954 1087 1978 vero
1116 1941 1288 1990 martyrii
1316 1940 1478 1988 palmam
1519 1942 1663 1989 accepit

291 2010 510 2057 imperantis
549 2007 710 2046 Neronis
750 2022 844 2045 anno
875 2012 940 2046 13.
999 2007 1235 2055 Falliturque
1277 2006 1478 2045 Barom'us
1501 2006 1663 2046 Neronis

295 2091 390 2114 anno
425 2081 487 2114 12.
518 2077 631 2114 verba
659 2076 726 2113 illa
765 2075 920 2123 hujusce
949 2075 1125 2124 Dialogi,
1167 2075 1206 2112 Γ
1205 2075 1384 2120 αλιλαΐος
1425 2071 1665 2127 ἀναφαλαν-

294 2142 406 2192 τίας,
436 2139 660 2196 ἔπίρῥινος,
690 2141 730 2188 ἐς
758 2141 890 2194 τρίτον
921 2139 1092 2195 οὐρανὸν
1120 2138 1397 2194 ἅεροβατήσας
1426 2137 1481 2179 δι’
1513 2137 1665 2188 ὕδατος

296 2205 403 2261 &stag
443 2207 707 2259 ἇνεκαιίἰσεν,
746 2211 960 2248 adscribens
1000 2210 1089 2247 huic
1113 2208 1299 2247 Luciano.
1357 2208 1455 2247 Nam
1495 2211 1559 2257 qui
1595 2223 1666 2258 po-

297 2281 369 2316 tuit
396 2277 588 2315 Lucianus
618 2277 678 2315 hic
703 2292 724 2314 a
755 2277 915 2316 Neronis
945 2291 1039 2315 anno
1071 2281 1140 2316 12.
1176 2283 1212 2314 et
1242 2275 1384 2315 Christi
1414 2281 1479 2315 68.
1508 2277 1555 2314 ad
1598 2291 1668 2315 an-

298 2360 388 2382 num
417 2346 616 2384 servatoris
649 2349 741 2383 171.
772 2346 989 2394 pervivere,
1032 2346 1112 2382 sive
1147 2346 1252 2381 annis
1286 2349 1362 2382 103
1376 2344 1393 2384 ’.7
1450 2342 1572 2393 Atqui
1611 2351 1668 2382 et-

299 2414 375 2450 iam
412 2419 496 2460 post
537 2413 683 2450 bellum
711 2410 1054 2460 Marcomanicum,
1098 2414 1187 2459 quin
1211 2411 1402 2449 Lucienus
1439 2411 1500 2449 hic
1541 2412 1667 2460 aliqua

300 2486 567 2517 commentatus
598 2481 666 2527 sit,
709 2481 837 2527 negari
871 2494 944 2516 non
973 2486 1107 2528 potest.
1167 2477 1358 2527 saperdae
1399 2486 1523 2517 autem
1560 2492 1667 2526 pror-

301 2561 366 2585 sus
395 2548 453 2584 illi
482 2554 591 2596 sunt,
621 2548 685 2595 qui
713 2552 865 2594 propter
893 2560 961 2595 ea,
993 2560 1088 2594 quae
1117 2547 1156 2583 in
1185 2553 1354 2584 extremo
1382 2546 1547 2594 Dialogo
1575 2547 1665 2593 isto,

301 2615 347 2653 de
378 2614 628 2665 Babyloniis,
654 2612 890 2664 Aegyptiis,
918 2612 1070 2665 Persis,
1109 2611 1264 2664 Scythis
1292 2615 1407 2653 verba
1446 2613 1555 2663 fiunt,
1596 2608 1667 2650 hu-
