1768 3125
289 178 380 210 IN
448 178 554 209 ὩΕ
622 176 901 209 sxn1a
966 174 1162 207 ΒΕΑ.
1310 160 1405 205 399

38 294 267 337 νῦν“’,ἐόντα.
307 295 470 337 Gunr.
531 296 701 347 Optime.
759 295 808 335 Et
836 298 922 346 quia
950 294 1071 334 codd.
1101 294 1297 345 addimmt,
1323 297 1406 335 sine

39 379 143 404 mora
172 367 307 413 recepi.
366 365 513 404 Rmrz.

120 431 216 470 ibid.
262 433 396 479 Νῦν]
438 432 583 471 Omnes
611 434 784 482 impressi
815 431 926 485 πρὶν,
969 438 1164 480 corrupte,
1204 431 1290 480 lege
1322 431 1404 470 νῦν.

37 499 152 553 Quod
180 502 256 548 jam
283 507 320 538 et
346 502 384 538 iu
413 500 485 539 W'.
515 509 551 540 et
581 500 630 539 L.
662 502 819 550 reperiri
849 501 1050 548 comperio.
1110 498 1260 537 SOLAN.

96 566 207 611 ead.
239 568 267 605 l.
294 573 359 606 10.
388 568 686 619 Βασιλῆος]
723 567 872 606 Seleuci
901 567 1107 615 Nicatoris,
1137 569 1236 616 reg-is
1267 565 1406 615 Syriae

35 641 120 684 post
160 634 424 674 Alexandrum
471 638 594 685 primi.
665 635 759 674 Vid.
798 635 967 673 Aeliani
1007 636 1132 672 locum
1170 635 1218 672 ad
1259 636 1407 673 initium

34 701 145 750 hujus
174 704 260 740 libri
286 717 308 741 a
337 717 398 741 me
426 705 631 741 laudatum.
677 702 829 741 SOLAN.
886 701 972 740 Non
1002 703 1183 739 audienda
1214 704 1407 751 exempla-

34 771 113 819 ria,
143 784 239 818 quae
268 771 377 809 aliter
403 772 552 820 legunt:
587 771 783 820 βασιλῆος
814 771 913 807 enim
941 768 1206 807 Herodoteum
1234 777 1272 807 et
1297 770 1407 818 Hip-

28 840 270 886 pocratt'cmn
309 846 381 877 est.
447 837 549 876 Vide
588 839 722 876 saltem
763 837 919 876 Herod.
949 836 1027 876 IX.
1069 851 1155 886 pag.
1199 840 1292 876 585.
1334 838 1405 875 bis.

33 904 84 942 Et
112 904 186 943 VI.
217 920 275 954 pr.
306 913 375 944 ter.
408 905 594 955 Βασιλῆα
623 904 678 943 V.
711 910 804 944 330.
836 905 882 944 C.
915 912 950 942 et
980 908 1075 944 489.
1106 903 1156 942 Β.
1187 905 1244 941 bis
1274 904 1406 942 Βασι-

33 973 125 1023 λῆες
152 970 206 1010 V.
240 977 336 1013 331.
366 971 410 1010 C.
448 980 485 1010 et
519 970 597 1011 IV.
638 978 732 1012 256.
763 973 814 1011 D.
875 971 1015 1010 Contra
1053 986 1166 1018 vero,
1208 972 1308 1020 quod
1337 959 1411 1009 mi·-

32 1053 138 1087 rere,
175 1040 288 1078 dativ.
318 1041 480 1089 βασιλεῖ
499 1055 648 1090 semper
677 1042 882 1090 penultima
911 1041 1030 1078 brevi.
1090 1038 1186 1077 Vid.
1218 1037 1273 1078 V.
1306 1044 1403 1079 330.

33 1105 78 1145 C.
109 1106 185 1145 VI.
215 1109 284 1146 sub
315 1110 396 1145 init.
424 1116 462 1146 et
489 1123 527 1157 p.
561 1113 654 1147 384.
683 1109 738 1147 D.
767 1123 809 1146 ac
839 1112 934 1146 390.
965 1106 1010 1145 Ε.
1056 1107 1208 1146 Rerrz.

115 1173 202 1212 ead.
245 1176 274 1212 l.
308 1181 374 1214 11.
418 1175 779 1228 Στρατονίκη,
820 1174 1030 1225 ἐκείνη]
1088 1174 1238 1218 Seleuci
1294 1190 1405 1227 uxor,

31 1255 190 1280 noverca
218 1241 419 1286 Antiochi:
471 1241 646 1281 Medicus
675 1252 799 1282 autem
827 1242 1101 1291 Erasistratus,
1132 1245 1165 1281 si
1192 1252 1292 1281 recte
1320 1259 1406 1283 nar-

32 1316 91 1372 τῑχῐ
115 1308 349 1348 Plutarchus
376 1313 416 1348 in
445 1310 616 1349 Demetr.
647 1326 684 1360 p.
719 1315 840 1350 1660.
871 1325 975 1359 seqq.
1008 1311 1068 1348 H.
1100 1310 1234 1359 Steph.
1263 1311 1404 1359 ..GesN-

47 1409 51 1414 .
115 1377 204 1416 ead.
245 1378 273 1416 Z.
317 1383 382 1416 12.
428 1375 659 1429 Ἶητροῦ]
716 1377 947 1417 Erasistrati.
986 1377 1042 1422 V.
1083 1378 1193 1418 Plus.
1233 1379 1403 1421 Demetr.

37 1449 157 1484 1660.
191 1443 342 1484 SoLAN.
747 1488 751 1489 ⁷
1174 1491 1176 1493 ¹
1287 1491 1292 1495 ,

112 1511 206 1562 Pag
236 1516 303 1551 95.
335 1514 364 1552 l.
397 1517 436 1552 4.
479 1510 678 1555 ΕἸαθών
710 1511 784 1560 δὲ]
825 1513 1042 1563 Legebatur
1070 1522 1154 1552 ante
1182 1513 1334 1564 μαθών
1362 1515 1405 1555 δὲ

33 1581 182 1627 ταῦτα,
214 1579 349 1619 ἐποίεε.
407 1580 490 1630 Ego
519 1582 792 1620 distinctionem
821 1584 975 1620 mutavi.
1033 1582 1182 1620 RmTz.

114 1646 210 1686 ibid.
244 1645 377 1699 ²¹13er
425 1648 526 1701 Quia
564 1652 619 1688 sic
654 1664 767 1698 supra
797 1651 855 1686 bis
883 1656 963 1698 ter,
999 1651 1076 1698 jam
1105 1664 1150 1687 eo
1178 1653 1301 1689 minus
1330 1646 1404 1703 εἶχε

30 1716 287 1754 rescriberem.
346 1715 441 1755 Vid.
473 1718 520 1754 ad
549 1732 582 1756 c.
617 1722 683 1756 12.
741 1717 894 1756 Rmrz.

113 1781 200 1821 ead.
240 1783 267 1820 l.
310 1788 348 1822 8.
390 1780 632 1836 Ϊ4ρξίιτο]
676 1784 776 1836 Quia
816 1779 1016 1835 ἠλλάξατο
1055 1798 1165 1822 suum
1193 1784 1306 1829 habet
1335 1800 1401 1824 au-

28 1856 169 1898 gment.
200 1851 311 1888 etiam
343 1847 489 1903 ἤρξατο
519 1852 619 1890 dicas
648 1852 906 1894 scribendum:
938 1859 974 1888 at
1000 1852 1146 1900 quando
1174 1854 1278 1891 illico
1309 1868 1401 1902 quo-

29 1931 102 1965 que
150 1920 319 1966 sequitur
369 1916 476 1969 ἔχετο
528 1920 684 1957 dubium
729 1934 776 1957 an
805 1916 961 1968 ιεῖχετο,
1011 1926 1048 1956 et
1083 1916 1224 1970 ἄρχετο
1265 1922 1402 1958 iterum

29 1997 62 2022 e.
94 1989 160 2023 21.
202 1987 398 2034 scribitur,
435 1987 499 2024 ubi
536 1988 644 2035 plura
683 1988 822 2026 similia
855 1993 1206 2035 commonstramus3
1256 2001 1298 2025 ac
1326 1995 1402 2026 tam

28 2053 156 2090 crebro
195 2055 234 2090 iu
272 2051 341 2090 hac
367 2053 529 2093 Dissert.
560 2061 757 2103 augmenta
787 2053 994 2101 adduntur,
1035 2055 1276 2104 omittuntur3
1316 2058 1401 2104 quis

27 2126 166 2156 certam
193 2121 376 2158 rationem
405 2122 552 2170 inierit,
583 2121 672 2169 quid
700 2122 844 2159 scribae
874 2121 946 2158 sibi
974 2121 1222 2171 indulserint,
1263 2124 1400 2171 quidve

25 2184 227 2225 Luciamcs
266 2186 421 2227 Ionismi
461 2202 591 2226 caussa
629 2188 799 2228 dederit?
847 2202 916 2226 nec
955 2201 1017 2226 res
1052 2196 1110 2226 est
1145 2191 1251 2227 tanti.
1288 2188 1396 2228 Conf-

25 2260 148 2292 tamen
185 2269 300 2303 supra
339 2256 387 2293 acl
419 2270 452 2294 c.
497 2260 565 2294 12.
604 2257 643 2293 in
685 2252 745 2305 {ke
782 2269 830 2292 an
874 2250 947 2305 εἶχε
978 2256 1093 2302 dicta,
1134 2269 1176 2294 ac
1204 2257 1317 2306 lege,
1357 2265 1399 2295 ut

24 2321 211 2360 volueris:
247 2330 418 2361 nostrum
446 2330 503 2361 est
530 2325 569 2360 in
596 2336 639 2360 re
665 2337 740 2360 non
767 2323 857 2360 satis
885 2329 985 2360 certa
1014 2337 1164 2360 servare
1190 2324 1398 2375 vulgatum,

24 2389 90 2426 ubi
135 2389 176 2426 id
221 2391 390 2438 pluribus
441 2391 624 2428 firmatur.
696 2389 914 2439 Augmenta
957 2392 1155 2438 praecipue
1196 2393 1394 2441 syllabica,

23 2453 177 2494 Ionibus
207 2465 313 2495 extra
338 2472 486 2496 carmen
515 2458 734 2506 plerumque
764 2457 873 2506 addi,
911 2458 1082 2507 singulae
1111 2466 1301 2496 auctorum
1329 2474 1396 2508 pa-

23 2524 132 2572 ginae
171 2524 316 2563 docent.
375 2524 613 2573 Temporalia
630 2533 632 2535 ’
651 2523 740 2563 vero
763 2526 935 2573 saepius,
979 2539 1091 2574 quam
1117 2524 1284 2575 Atticis,
1323 2541 1395 2565 ne-

22 2591 144 2640 gligi,
193 2592 281 2630 vide
309 2606 359 2631 ex
385 2592 446 2631 his
474 2592 762 2641 speciminibus:
802 2589 993 2641 μένεσκον
1021 2591 1209 2631 Herodot.
1237 2591 1315 2633 IV.
1352 2610 1392 2644 p.

23 2670 76 2696 m.
107 2662 204 2699 269.
243 2657 296 2700 Β.
325 2655 540 2714 φεύγεσκον
564 2663 660 2702 270.
689 2657 739 2699 Β.
770 2654 948 2700 εἴκουσαν
975 2658 1056 2701 IX.
1085 2662 1183 2702 586.
1213 2661 1242 2703 f.
1272 2658 1392 2715 ἐργά-
