1740 3095
304 165 400 211 408
598 179 1369 210 ADNoTATIONEs

306 314 390 340 cum
419 313 487 338 suo
517 300 656 338 circulo
682 299 863 338 scandunt
891 298 1062 337 excelsas
1092 299 1301 348 palmarum
1331 301 1503 338 arbores:
1533 300 1676 338 scilicet

305 367 465 405 induunt
492 381 533 405 se
561 381 635 404 una
664 382 750 404 cum
778 368 910 404 arbore
938 368 1020 414 ipsa
1049 368 1188 404 circulo
1228 381 1249 404 e
1287 368 1382 405 vitili
1418 368 1521 416 ligno
1559 367 1673 416 sacto,

306 442 343 473 et
370 435 529 483 pedibus
558 436 598 471 iu
626 436 769 472 arboris
798 434 997 482 pollicibus
1026 435 1103 472 illis
1133 435 1318 483 nitentes,
1363 441 1400 472 et
1424 435 1562 471 lumbis
1603 435 1675 471 cir-

307 503 392 540 culo
420 503 560 550 innixi,
590 503 761 540 manibus
789 515 877 539 vero
905 502 1083 539 ambabus
1112 502 1292 538 circulum
1321 502 1502 550 gradatim
1532 508 1567 538 et
1587 501 1674 538 sub·
1716 506 1721 519 ¹

306 570 435 608 sultim
464 570 700 618 attollentes,
731 570 926 606 celerrime
956 583 1077 617 usque
1106 569 1153 606 ad
1182 570 1323 606 arboris
1362 582 1572 617 summum,
1611 569 1676 605 nbi

305 643 391 675 sunt
419 638 512 673 rami
540 643 577 674 et
605 637 761 684 fructus,
791 636 995 685 scandunt3
1025 636 1065 673 id
1094 650 1205 684 saepe
1232 637 1422 685 facientes,
1452 643 1493 673 ut
1520 638 1674 685 lagenas

305 718 392 743 suas
421 705 534 741 ramis
564 705 718 742 succisis
749 703 1003 752 appeiideant,
1044 705 1106 742 vel
1144 718 1207 741 eas
1243 704 1373 751 plenas
1412 705 1499 744 vino
1527 704 1674 751 palmeo

305 778 508 820 reportent.
567 771 676 823 Quae
714 771 922 808 emendatio
959 785 1043 808 mea
1078 771 1249 808 firmatur
1303 772 1451 808 omnino
1506 785 1555 808 ex
1603 770 1674 807 hoc

305 837 479 877 Lucianz'
505 839 612 877 loco:
650 838 748 876 unde
788 852 862 876 non
889 839 1126 876 mediocriter
1157 839 1306 887 gavisus
1335 852 1431 876 sum.
1491 836 1675 886 Expende

304 921 386 944 rem
415 908 643 953 accuratius,
673 907 790 943 lector
819 906 996 952 candide,
1039 913 1076 943 et
1115 906 1241 943 confer
1282 920 1366 943 cum
1393 912 1520 943 nostra
1550 919 1675 943 emen-

305 974 478 1020 datione,
510 980 570 1021 et,
596 980 636 1011 ut
665 987 798 1022 spero,
829 987 902 1010 non
932 974 1055 1011 solum
1082 987 1163 1010 eam
1193 975 1442 1022 approbabis,
1472 972 1539 1010 sed
1568 974 1675 1020 plau-

304 1054 389 1079 sum
419 1041 538 1080 dabis.
579 1039 718 1077 PALM.
779 1040 899 1091 Σειρῇ
938 1042 1098 1092 μακρῇ]
1138 1040 1246 1089 Lege
1282 1040 1419 1091 μικρῇ.
1478 1038 1572 1077 Vid.
1614 1053 1674 1077 se-

304 1109 457 1156 quentia
484 1108 620 1156 verba,
657 1108 721 1144 ubi
747 1114 896 1144 catenae
926 1108 1078 1145 alterius
1109 1115 1146 1145 et
1176 1109 1220 1144 ab
1246 1107 1315 1145 hac
1352 1107 1520 1144 diversae
1562 1109 1674 1154 (quae

303 1188 358 1211 sc.
390 1181 513 1224 esset,
544 1177 598 1211 uti
627 1174 783 1211 Jensz‘ns
812 1175 1010 1212 emendare
1048 1176 1210 1222 jusserat
1256 1181 1294 1211 et
1321 1187 1369 1212 ex
1397 1172 1472 1212 W.
1510 1175 1675 1211 restitui-

303 1255 411 1291 mus,
443 1238 595 1292 μακρὰ]
626 1243 765 1279 mentio
793 1241 850 1278 fit.
909 1240 1101 1280 KUSTER.

384 1330 615 1379 Pag..109.
646 1330 674 1369 l.
709 1336 746 1370 1.
791 1328 993 1380 ΙΙἸίμνει
1035 1345 1083 1369 τε
1119 1324 1338 1382 χρόνον,
1388 1325 1473 1368 τὸν
1523 1324 1673 1368 εἶπον

303 1392 566 1450 ἦμερέων]
621 1397 743 1447 Puto,
782 1397 1002 1436 Luciamtm
1041 1400 1237 1446 scripsisse
1276 1397 1379 1446 τῶν,
1432 1396 1558 1436 Ionice
1605 1412 1672 1446 pro

304 1456 385 1514 ὧν,
415 1472 458 1503 ut
486 1467 628 1514 passim
654 1468 693 1503 in
721 1465 793 1504 hoc
819 1467 975 1515 libello,
1016 1468 1200 1514 (quamvis
1237 1472 1274 1503 et
1301 1461 1370 1503 τὸν
1399 1479 1466 1513 pro
1497 1460 1542 1503 ὃν
1581 1466 1672 1502 scri-

302 1539 409 1582 ptum
454 1535 518 1578 sit)
558 1533 614 1570 Et
651 1544 777 1571 manet
809 1544 954 1582 tempus
996 1548 1152 1582 eorum,
1204 1547 1296 1584 quos
1338 1531 1453 1582 digni,
1508 1532 1670 1570 dierum.

302 1599 448 1648 Nempe
493 1600 573 1637 dies
613 1608 756 1648 septem
800 1605 867 1646 (ut
911 1616 990 1649 cap.
1035 1606 1101 1640 28.
1136 1600 1236 1637 med.
1269 1600 1435 1645 dictum)
1475 1602 1672 1648 quotannis

301 1665 416 1704 homo
465 1667 603 1714 aliquis
646 1668 685 1703 in
739 1669 864 1715 aliquo
912 1668 1156 1715 Phallorum,
1208 1669 1273 1716 qui
1323 1669 1361 1704 in
1410 1667 1672 1721 προπυλαίοις

301 1734 433 1781 templi
463 1731 599 1783 Syriae
628 1733 734 1772 Deae
765 1742 851 1773 sunt
879 1738 1016 1782 erecti,
1044 1737 1224 1783 persistit.
1282 1734 1404 1774 JENS.

387 1821 484 1861 ibid.
520 1823 633 1861 Τῶν
663 1818 747 1862 εῗπ
763 1837 782 1862 o
798 1839 820 1862 ν
860 1817 971 1874 ἧμζ]
1017 1823 1180 1873 Egregie
1205 1822 1362 1861 Jensz'us
1402 1823 1474 1861 hoc
1501 1824 1669 1874 viderat3

300 1890 415 1938 idque
464 1891 661 1929 accedente
707 1893 784 1941 J‘am
844 1890 1006 1941 Codice,
1061 1893 1212 1929 omuino
1258 1892 1512 1940 recipiendum
1562 1892 1668 1929 duxi.

301 1956 458 1995 RmTz.

384 2035 474 2075 ead.
500 2036 528 2075 Ῑ.
564 2041 603 2075 3.
630 2034 931 2086 Κομίζουσι
963 2059 1013 2066 --
1046 2033 1269 2083 ἀπιεῖσι]
1311 2034 1386 2074 W.
1426 2044 1463 2075 et
1490 2036 1555 2074 Fl.
1600 2036 1669 2074 ali-

300 2110 384 2154 ter,
409 2118 544 2152 nempe
573 2100 624 2141 τὰ
653 2103 879 2154 νομίζουσιν
909 2103 966 2151 εἷς
995 2102 1139 2143 ἐκεῖνον
1169 2100 1322 2157 πρόσθε
1354 2103 1528 2154 κειζιιενον
1557 2101 1670 2143 κατί-

301 2185 382 2210 ασι.
442 2170 596 2209 SOLAN.

385 2247 473 2287 ead.
512 2250 539 2288 Ζ.
574 2254 640 2288 10.
679 2245 1000 2298 Ἐπικέεται]
1045 2249 1110 2289 Sic
1146 2249 1206 2290 M.
1250 2257 1286 2289 et
1325 2251 1392 2289 Fl.
1430 2248 1476 2287 In
1510 2249 1667 2297 reliquis
1735 2299 1736 2303 Ἰ

301 2314 515 2356 ἐπικέαται.
556 2316 708 2355 SOLAN.
765 2316 849 2355 Etsi
877 2318 1071 2366 vulgatum
1108 2333 1182 2356 non
1223 2318 1455 2367 damnabile,
1500 2320 1560 2365 (ut
1587 2316 1666 2355 vid.

301 2384 350 2422 ad
393 2399 424 2423 c.
457 2386 517 2430 6.)
559 2391 682 2423 tamen
712 2386 798 2432 quia
829 2387 990 2432 optimae
1019 2393 1130 2424 notae
1169 2387 1257 2423 libri
1285 2409 1342 2415 —-
1369 2383 1471 2423 έεται
1499 2383 1560 2421 hic
1597 2382 1665 2420 lia-
1715 2371 1725 2375 ‚

299 2453 412 2501 bent,
442 2453 556 2500 idque
584 2453 790 2501 optimum,
833 2453 942 2490 facile
981 2452 1052 2491 hoc
1079 2453 1164 2491 dedi
1192 2453 1365 2501 Solam,
1403 2458 1445 2489 ut
1483 2450 1544 2489 hic
1569 2452 1665 2488 reci-

299 2533 450 2569 perem3
489 2520 560 2558 etsi
596 2519 730 2556 deinde
759 2533 832 2556 non
860 2521 955 2557 facio
993 2521 1117 2570 idem,
1155 2522 1242 2570 quia
1281 2521 1327 2557 ob
1366 2520 1560 2567 utriusque
1587 2518 1664 2556 sre-

298 2588 488 2633 quentiam
525 2586 718 2636 probabile
753 2592 812 2625 est
851 2589 993 2627 utrovis
1028 2601 1133 2628 more
1168 2587 1293 2626 dedita
1321 2599 1434 2637 opera
1468 2587 1660 2636 scripttuii.

298 2652 361 2693 Cf.
392 2669 425 2693 c.
459 2658 526 2694 32.
585 2652 729 2693 Rmrz.
