1740 3095
296 150 391 197 36⁰
586 169 1364 202 ADNO'I'ATIONES

376 284 466 326 ead.
509 286 539 325 Ζ.
579 291 619 326 3.
677 284 973 338 ΖΙἸενὲλαον]
1029 284 1266 339 Αὖτόματοι
1308 285 1353 328 δ’
1394 284 1542 341 ἀγαθοὶ
1585 298 1656 328 etc.

295 351 457 393 Gora-r.
513 352 636 392 Hom.
665 351 712 392 11.
743 353 815 404 B.
838 357 934 394 408.
992 352 1143 394 SOLAN.

379 420 468 459 ead.
507 421 535 458 Ζ.
577 422 618 459 5.
656 415 1003 473 ‘Yne'n90v0v]
1041 417 1298 476 Ἵ’ποκρούω,
1336 425 1363 463 i.
1407 438 1441 462 e.
1481 424 1657 462 citharam

295 488 434 537 pulso,
477 487 617 525 cithara
653 502 850 537 responso.
897 488 1030 539 Epigr.
1078 489 1153 529 Hic
1189 485 1408 543 ὑπέκρουον
1444 499 1500 530 est
1536 487 1658 542 ἀντή-

290 569 414 605 χουν,
458 550 725 607 ἀντεφώνουν.
782 555 825 595 Α
863 556 1000 595 cithara
1041 557 1271 606 metaphora.
1325 557 1484 597 GUYET.
1538 554 1659 596 ‘Yad-

296 622 474 674 κρουον]
514 620 559 660 ld
598 630 682 673 est,
725 619 1063 676 ἀπεφθέγγοντο,
1104 622 1321 676 ἀντέλεγον.
1391 624 1519 664 Schol.
1556 626 1660 665 Ari-

294 687 417 737 stopk.
456 688 644 729 KUSTER.
703 687 916 740 Singularis
944 699 1002 730 est
1030 693 1069 729 in
1096 691 1167 730 hoc
1189 693 1303 730 verbo
1331 694 1519 742 suavitas,
1548 708 1661 743 quam

296 757 569 796 declarabimus
606 772 627 797 e
657 757 837 809 Longino
875 773 907 798 s.
938 763 1003 798 40.
1037 758 1292 809 Reprehendit
1330 760 1382 797 ibi
1419 759 1547 798 rhetor
1574 776 1660 799 acu-

297 825 465 863 tissimus
501 839 676 864 numeros
704 828 744 863 in
773 828 939 865 oratione
967 828 1077 864 nimis
1106 828 1243 865 molles
1273 833 1311 864 et
1337 828 1564 865 canticorum
1592 843 1661 865 nu-

297 894 411 930 meris
453 893 621 942 similes,
664 894 763 931 unde
799 893 872 932 hoc
904 894 993 932 djcit
1021 896 1198 942 consequi
1227 893 1324 942 apud
1351 894 1538 932 auditores
1557 923 1569 944 9
1608 889 1662 941 ὦς

297 956 417 998 ἐνίοτε
456 954 689 1012 προειδότας
723 957 796 1006 τὰς
834 957 1094 1014 ὀφειλομένας
1122 958 1355 1012 καταλήξεις
1385 958 1532 1006 αὐτοὺς
1560 956 1661 1000 ὕπο-

297 1023 452 1078 κρούειν
499 1031 583 1073 τοῖς
619 1025 797 1079 λέγουσι,
850 1028 916 1066 καὶ
957 1024 1213 1081 φθάνοντας,
1264 1023 1318 1074 ὥς
1360 1027 1399 1066 ἐν
1434 1029 1545 1081 χορῷ
1586 1043 1661 1066 τινι

297 1091 612 1145 προαποδιδόναι
642 1091 713 1145 τὴν
739 1089 878 1144 βάσιν,
917 1110 1013 1147 quas
1029 1097 1120 1147 jam
1148 1099 1273 1133 (mimo
1296 1099 1546 1144 praecipiunt
1574 1111 1662 1134 con-

296 1170 422 1198 suetas
454 1163 601 1199 oratori
628 1162 844 1208 clausulas,
885 1177 950 1200 eas
975 1165 1053 1211 ipsi
1079 1162 1266 1201 submissa
1293 1177 1380 1200 voce
1405 1165 1516 1213 quasi
1543 1162 1663 1215 subji-

296 1229 402 1266 ciant
430 1242 477 1266 ac
502 1238 689 1276 praeeant
717 1228 928 1267 dicentibus
957 1236 1027 1268 etc.
1096 1228 1268 1267 Sumtum
1298 1229 1408 1267 credo
1433 1243 1453 1266 a
1480 1229 1663 1269 citharoe-

298 1295 380 1344 dis,
423 1304 549 1333 cantus
587 1297 784 1334 formulam
812 1298 890 1334 leni
913 1297 1050 1334 ¹fidium
1075 1298 1187 1345 pulsu
1217 1298 1547 1336 subindicantibus.
1605 1298 1663 1337 Ita

297 1376 383 1400 cum
419 1362 669 1401 Homericam
715 1364 915 1402 formulam
959 1366 1232 1413 praetexuisset
1281 1365 1531 1412 impudentiae
1575 1380 1664 1405 suae

298 1427 491 1479 Cynicus,
529 1432 706 1470 convivae
744 1432 809 1469 alii
848 1432 942 1470 alios
980 1434 1077 1470 inter
1110 1446 1153 1471 se
1191 1445 1402 1469 memorare
1431 1433 1662 1484 inceperunt,

298 1497 483 1535 submissa
511 1504 635 1536 tamen
663 1513 778 1548 voce,
814 1500 1047 1549 versiculos,
1090 1499 1137 1537 ad
1164 1500 1432 1538 retundendam
1461 1504 1565 1540 illius
1594 1505 1664 1540 im-

298 1564 512 1612 pudentiam
553 1573 672 1614 aptos.
729 1565 814 1604 Non
853 1574 933 1605 erat
975 1581 1093 1616 opus,
1140 1569 1236 1605 inter
1276 1566 1447 1606 homines
1483 1570 1663 1618 eruditos,

299 1631 455 1680 integris
486 1633 539 1668 uti
574 1634 769 1670 versibus:
819 1634 1029 1672 sufficiebat
1068 1636 1171 1672 initia
1200 1635 1385 1673 indicasse
1415 1643 1484 1674 etc.
1544 1635 1663 1687 Vide,

300 1711 396 1745 quae
441 1698 487 1736 de
531 1700 569 1736 vi
610 1700 682 1749 τῆς
721 1694 797 1738 ὑπὸ
836 1703 875 1738 in
917 1703 1132 1750 compositis
1175 1701 1339 1739 diximus
1379 1702 1425 1740 ad
1466 1703 1528 1741 De
1567 1703 1663 1742 Salt.

298 1777 378 1813 cap.
409 1769 473 1803 16.
523 1764 652 1804 GsssN.

381 1831 469 1869 ead.
509 1832 538 1870 l.
578 1837 617 1871 6.
661 1828 988 1884 Ἀφραίνεις]
1030 1832 1152 1872 Hom.
1180 1833 1228 1872 Il.
1259 1833 1330 1884 H,
1374 1838 1464 1874 109.
1511 1835 1662 1875 somn.

381 1897 471 1939 ead.
513 1899 543 1939 l.
586 1903 626 1939 7.
670 1895 805 1938 Ἀλλ’
850 1897 937 1940 οὐκ
985 1923 1034 1930 -
1078 1898 1272 1953 Ἀγαμ]
1320 1901 1433 1940 Iliad.
1473 1903 1542 1954 A,
1595 1908 1662 1943 24.

299 1962 451 2004 δοιΑΝ.

382 2032 470 2072 ead.
499 2033 527 2071 l.
559 2037 628 2072 10.
652 2029 1046 2086 Ἓδεδοίκεσαν]
1079 2033 1159 2074 Ms.
1190 2034 1270 2075 Ox.
1301 2044 1339 2074 et
1365 2036 1433 2074 FI.
1463 2043 1576 2075 recte.
1620 2036 1665 2075 In

297 2100 453 2149 reliquis
481 2099 757 2140 ἐδεδοίκεισαν.
795 2100 951 2141 somn.
992 2102 1129 2141 Solam
1161 2106 1238 2152 jota
1264 2103 1388 2142 deleto
1418 2102 1665 2142 ἐδεδοίκεσαν

297 2168 437 2206 fecerat
471 2182 538 2216 pro
575 2169 726 2218 vulgato
766 2166 1040 2208 ἐδεδοίκεισαν.
1098 2169 1240 2208 Recte:
1284 2172 1336 2208 ita
1375 2173 1474 2208 enim
1511 2171 1664 2209 formari

298 2236 410 2273 solet.
468 2234 518 2272 Et
545 2236 599 2273 sic
627 2235 852 2274 Herodian.
880 2235 997 2284 VIII,
1031 2243 1068 2276 1.
1098 2238 1126 2275 f.
1156 2234 1318 2288 ἤλπιζον
1349 2235 1392 2275 δὲ
1421 2237 1485 2275 καὶ
1513 2237 1664 2276 ἐδεδοί-

298 2315 431 2340 κεσαν.
489 2301 539 2340 Et
576 2301 701 2340 Diod.
740 2303 822 2342 Sz'c.
865 2302 915 2341 L.
953 2302 1072 2343 XIV.
1131 2304 1182 2343 Et
1224 2305 1417 2343 Herodot.
1459 2303 1553 2343 VII.
1595 2307 1664 2343 sub

298 2370 446 2406 initium
483 2370 658 2408 similiter
696 2365 1008 2421 ἀναβεβήκεσαν.
1066 2370 1126 2410 Ita
1156 2368 1419 2425 διερῥώγεσαν
1447 2371 1563 2421 App.
1594 2370 1664 2410 Al.

297 2448 384 2485 pag.
416 2440 511 2475 325.
542 2441 580 2476 1.
627 2435 679 2476 Et
705 2439 793 2485 quia
824 2435 1096 2489 Grammatici,
1137 2454 1230 2488 quos
1260 2440 1452 2488 consului,
1493 2438 1589 2476 nihil
1617 2438 1665 2476 de

297 2500 368 2540 hac
420 2505 678 2546 terminatione
724 2504 1080 2554 ph1squa1nperfecti
1095 2535 1108 2556 ,
1159 2509 1263 2555 juvat
1311 2507 1449 2544 addere
1485 2504 1666 2544 Nostrum

298 2581 411 2617 supra
449 2569 552 2608 Dial.
589 2568 749 2608 B'Ieretr.
788 2571 905 2610 XIII.
947 2571 1077 2620 (Tom.
1107 2572 1225 2611 VIII.
1266 2573 1348 2622 huj.
1377 2571 1449 2610 Ed.
1477 2586 1515 2619 p.
1548 2573 1663 2619 250.)

299 2632 664 2689 κατεπεπλήγεσαν,
707 2640 821 2686 (nunc
859 2635 1190 2691 κατεπεπήγεσαν)
1233 2648 1270 2678 et
1307 2640 1437 2690 paullo
1465 2646 1551 2687 post
1578 2638 1662 2677 ἐδε-
