1768 3125
252 159 1135 216 ‘1N1)sssxn1ADEA.
1335 170 1429 214 400

143 306 231 347 ead.
263 307 292 345 ἶ.
326 312 393 347 12.
434 302 686 353 Δοκὲειν]
734 302 800 343 Sic
829 306 1073 353 scripsimus,
1111 310 1152 342 ut
1181 318 1293 353 supra
1325 319 1357 343 c.
1391 312 1429 343 1.

55 375 101 415 In
131 377 301 414 omnibus
330 377 442 423 impr.
475 381 512 411 et
541 375 622 421 ipso
652 372 711 411 Μ.
742 380 822 411 erat
853 371 989 411 δοκέει.
1051 371 1219 411 Somni.

138 443 238 491 I’ag.
272 448 365 481 110.
410 442 437 480 l.
470 447 508 480 1.
542 438 694 493 Ἓὰρη
743 438 944 493 μεγάλη
1000 438 1173 490 ἄνι’-’χει
1226 439 1277 478 ἐκ
1316 441 1428 490 τῆς]

54 510 153 560 Leg.
184 511 330 548 videtur
361 507 457 562 ἕδρη
487 506 637 560 μεγάλη
670 508 795 560 ἀνέχει,
820 507 943 558 ἐκτὸς,
966 508 1147 560 Δωίγυϋος
1169 516 1239 546 etc.
1262 509 1430 548 GUYET.

139 577 234 616 ibid.
274 575 348 616 Ἐκ
387 579 477 629 γῆς
515 576 784 628 μέγαθος]
826 576 883 614 lta
927 577 1023 616 Cod.
1066 577 1115 614 L.
1176 576 1220 614 In
1262 578 1432 614 omnibus

54 647 166 694 impr.
199 645 239 684 ἐκ
270 647 353 696 τῆς,
385 646 485 694 quod
511 646 608 683 unde
639 647 702 694 sit,
733 646 844 682 facile
870 647 1067 693 perspicis.
1099 646 1258 684 Somx.
1287 641 1432 694 Ilm-'Zet

54 712 95 752 ἐκ
125 716 210 764 Τῆς]
253 713 338 752 Non
375 715 524 761 dubito,
567 716 657 761 quin
697 715 887 761 scripserit
915 720 1042 750 auctor
1077 711 1119 751 ἐκ
1160 714 1245 764 γῆς.
1306 713 1433 764 Quam

52 783 163 820 facile
198 782 231 818 Ι’
255 784 293 819 111
327 783 380 830 T,
412 790 491 819 tum
520 782 750 825 majusculae
799 780 912 826 hujus
941 781 1104 829 formae,
1135 788 1213 818 tum
1242 783 1433 819 minuscu-

51 851 112 888 lae
142 851 385 898 antiquioris,
427 864 521 897 quae
560 851 599 887 iu
628 849 796 886 Aldine's
825 848 945 885 adhuc
986 849 1093 885 libris
1132 849 1309 897 frequens
1360 856 1431 899 est,

52 925 334 967 permutentur,
379 918 537 954 intuenti
579 925 734 954 constat.
794 916 919 968 Quam
963 917 1157 953 conveniat
1183 917 1256 968 γῆς
1283 924 1432 955 senten-

51 988 140 1033 tiae,
171 1000 220 1023 ex
253 986 426 1023 versione
456 991 581 1021 nostra
612 992 784 1033 apparet:
815 999 927 1032 quam
957 983 1066 1021 nihili
1094 986 1143 1021 sit
1169 982 1209 1021 ἐκ
1233 985 1315 1035 τῆς,
1346 985 1433 1022 inde

52 1055 237 1102 colligas,
270 1052 367 1101 quod
399 1053 604 1089 omiserunt
636 1053 746 1100 plane
781 1054 1016 1100 interpretes.
1079 1051 1214 1090 Gnsw.

138 1120 225 1159 ead.
267 1120 294 1157 l.
329 1125 366 1158 2.
396 1116 720 1166 Ἕπικέεται]
763 1118 827 1158 Sic
869 1122 982 1158 etiam
1018 1119 1079 1158 hic
1119 1121 1231 1158 scribi
1270 1126 1431 1168 oportet.

50 1189 119 1226 Fl.
148 1196 271 1225 tamen
301 1201 386 1225 cum
415 1187 572 1235 reliquis
600 1186 662 1224 hic
695 1194 806 1225 errat.
868 1186 1024 1225 SoLAN.

138 1254 226 1293 ead.
258 1255 286 1293 l.
310 1259 349 1293 3.
378 1251 594 1300 Αὐτὸν]
643 1254 708 1293 Sic
736 1255 811 1293 W.
850 1264 887 1294 et
916 1256 984 1293 Fl.
1017 1264 1059 1293 ut
1089 1255 1136 1293 ad
1164 1256 1346 1304 templum
1371 1269 1432 1293 re-

50 1325 217 1370 seratur,
249 1324 411 1371 melius,
443 1336 553 1370 quam
583 1324 622 1359 in
651 1324 809 1372 reliquis
839 1319 977 1374 αὐτήν.
1038 1322 1191 1361 SOLAN.

135 1390 222 1429 ead.
262 1391 290 1428 l.
321 1395 360 1427 4.
395 1384 442 1427 ‘O
474 1385 724 1441 πρόνηος]
769 1391 968 1443 Quidquid
1008 1394 1055 1430 sit
1095 1393 1141 1429 de
1167 1405 1239 1429 usu
1269 1392 1429 1429 aliorum

50 1461 301 1507 scriptorum,
341 1459 407 1506 qui
435 1459 561 1495 nescio
592 1472 638 1495 an
667 1458 729 1496 hic
759 1461 850 1497 satis
880 1461 976 1498 inter
1005 1474 1046 1498 se
1076 1462 1320 1509 conveniant,
1371 1459 1433 1497 hic

50 1534 149 1564 certe
191 1533 318 1563 auctor
354 1527 522 1573 partibus
562 1528 695 1574 templi
733 1529 786 1564 sic
814 1529 958 1576 utitur,
998 1536 1039 1565 ut
1060 1528 1342 1577 propylaeum,
1381 1524 1432 1566 τὰ

50 1590 306 1646 προπύλαια,
337 1592 583 1641 vestibulum,
614 1595 663 1631 sit
692 1596 798 1632 locus
828 1596 1049 1644 subdivalis,
1079 1598 1252 1644 magnus,
1283 1602 1432 1632 centum

48 1677 252 1712 passuum,
293 1676 366 1699 non
406 1663 480 1709 ipsi
520 1661 630 1698 modo
667 1670 819 1712 portae,
862 1664 1046 1700 orientem
1081 1664 1286 1711 spectanti,
1327 1664 1432 1711 obje-

51 1738 152 1780 ctus,
192 1730 291 1767 unde
329 1743 466 1767 nomen
504 1729 636 1777 habet,
683 1730 751 1768 sed
790 1730 837 1768 ad
866 1731 966 1768 latus
999 1731 1175 1779 boreale,
1220 1733 1310 1776 (non
1341 1732 1432 1768 item

48 1799 95 1836 ad
134 1798 320 1846 australe,
366 1811 436 1835 nec
475 1811 564 1846 ergo
604 1798 865 1845 aequabiliter)
914 1799 1076 1836 multum
1114 1812 1341 1847 excurrens,
1391 1799 1432 1836 111

49 1880 122 1914 quo
168 1864 287 1914 phalli
327 1866 454 1913 positi.
523 1863 586 1903 Ex
623 1863 696 1902 hoc
730 1866 950 1916 propylaeo
991 1866 1144 1904 demum
1182 1880 1251 1914 per
1289 1866 1431 1915 gradus

48 1933 262 1972 ascenditur
289 1934 328 1970 in
358 1932 587 1981 crepidinem
617 1932 710 1971 duos
740 1947 874 1982 passus
902 1934 1041 1983 altam,
1096 1935 1155 1971 cui
1184 1935 1367 1982 templum
1397 1947 1430 1971 s.

48 2001 161 2039 aedes
189 2002 365 2049 imposita
394 2007 465 2039 est.
532 1999 608 2038 Hic
630 2015 809 2050 promtus
837 2007 917 2049 est,
957 2002 1094 2039 atrium
1121 2001 1276 2050 templi,
1316 2001 1431 2039 aedes

48 2070 211 2107 anterior
239 2075 366 2116 aperta
394 2069 585 2117 undique,
626 2070 811 2105 columnis
840 2069 1025 2118 subnixa,
1068 2075 1208 2107 tectmn
1235 2083 1430 2107 commune

40 2130 168 2184 'ipsius
191 2138 363 2185 pronai,
393 2142 432 2173 et
461 2134 570 2173 (cedis
598 2138 749 2184 proprie
779 2136 922 2185 dictae,
952 2136 1023 2175 τοῦ
1054 2137 1176 2185 ναοῦ,
1210 2138 1428 2175 sustinenti-

47 2204 131 2242 bus.
190 2203 266 2241 Hic
297 2218 475 2252 promtus
516 2205 727 2252 <porticum
754 2204 886 2252 templi
915 2205 1026 2242 etiam
1054 2204 1217 2252 dixeris)
1258 2199 1430 2255 ἤσκηται

47 2266 200 2323 θύρῃσι
227 2269 443 2323 χρυσέῃσι,
476 2271 657 2309 excultus
686 2280 740 2309 est
767 2272 888 2310 valvis
916 2274 1070 2321 aureis,
1107 2286 1182 2310 non
1212 2273 1320 2320 quasi
1344 2273 1428 2320 ipse

48 2340 97 2377 sit
125 2340 301 2388 clausus3
332 2340 401 2377 sed
425 2340 580 2386 valvae,
612 2339 748 2386 quibus
776 2341 915 2388 apertis
943 2342 983 2377 111
1013 2336 1109 2378 ναὸν
1138 2342 1320 2386 intratur,
1361 2353 1429 2376 ex·-

46 2408 184 2444 teriore
215 2414 347 2444 ornatu
376 2421 469 2457 suo,
507 2409 768 2456 scr-gemmulis,
805 2409 845 2444 in
874 2409 1010 2456 quibus
1039 2407 1292 2446 describendis
1319 2406 1429 2443 multi

48 2481 135 2512 sunt
171 2480 302 2523 poetae
352 2481 389 2512 et
430 2475 648 2523 antiquarii,
687 2476 873 2523 porticum
912 2475 1044 2524 illam,
1085 2476 1196 2513 illum
1231 2488 1428 2523 pronaon,

47 2541 246 2580 exhilarat.
305 2540 379 2579 Per
418 2540 485 2579 has
526 2543 643 2591 igitur
677 2543 805 2581 valvas
843 2544 882 2579 iu
911 2539 1008 2581 ναὸν
1036 2545 1136 2590 itur,
1179 2541 1310 2580 eadem
1339 2555 1427 2588 pro-

47 2611 129 2658 prie
158 2611 315 2659 dictam,
355 2623 450 2657 quae
480 2609 578 2647 cella
607 2623 720 2659 saepe
748 2609 896 2648 Latinis
922 2617 1004 2659 est,
1034 2612 1116 2659 ejus
1145 2608 1423 2658 magnitudinis,

48 2684 90 2714 ut
125 2678 268 2728 aliquot
296 2685 444 2716 centum
472 2684 634 2716 armatos
661 2680 804 2728 ceperit
832 2678 932 2717 cella
960 2678 1199 2718 Concordiae
1226 2678 1309 2716 cic.
1338 2675 1430 2713 Phi-
