1740 3095
324 150 419 196 384
666 159 1427 194 A‘DNOTATIONES

322 286 399 327 Hic
444 288 484 326 in
530 286 702 325 omnibus
742 290 822 323 erat
871 280 993 322 δοκέει
1010 311 1023 333 ,
1073 282 1186 322 etiam
1226 283 1266 321 iu
1308 279 1368 320 M.
1421 279 1515 320 cod.
1558 279 1614 320 V.
1647 286 1686 320 et

322 370 404 404 cap.
437 360 502 393 38.
533 361 603 391 etc.
634 354 771 390 rectius
807 366 839 389 c.
873 357 938 390 10.
996 349 1199 388 Herodoto
1237 356 1361 388 autem
1400 350 1577 398 frequens
1615 347 1686 387 hoc

323 421 409 473 ἐμοὶ
460 418 621 458 δοκέειν.
661 418 811 458 δοιΑΝ.
870 415 1010 456 Δοκέει
1054 415 1200 469 ἐγένετο
1237 418 1302 455 vix
1340 417 1491 465 quidem
1533 430 1684 454 sensum

321 488 445 527 habet.
504 486 627 525 Aliud
655 488 754 524 euim
780 493 837 524 est
864 485 960 523 infra
990 499 1071 533 cap.
1100 489 1138 524 8.
1168 485 1197 522 f.
1224 485 1289 522 ubi
1317 485 1412 522 bene
1449 483 1560 522 habet
1598 481 1685 533 ἐμοὶ

319 554 394 606 μὲν
435 552 557 592 δοκέει
599 549 726 606 κάρτα
765 552 881 604 θείη·
931 554 1030 591 male
1073 549 1195 590 δοκέει
1233 564 1363 588 rursus
1402 565 1434 588 c.
1478 555 1547 589 29.
1606 549 1685 588 Sed

321 637 400 670 cap.
423 626 490 661 10.
510 623 675 659 vicissim
689 622 884 670 vulg-amm
910 619 996 670 ἐμοὶ
1026 617 1173 657 δοκέειν
1191 620 1290 657 male
1308 618 1434 667 habet,
1463 619 1528 656 ubi
1558 615 1683 656 δοκέει

320 688 396 728 W.
428 696 542 727 recte.
597 689 700 727 Illud
729 696 852 727 autem
882 689 1096 727 absolutum
1123 685 1192 736 μοὶ
1223 684 1395 735 δοκέειν,
1434 700 1503 734 pro
1533 680 1588 731 ὥς
1615 699 1684 734 μοι

321 757 434 796 δοκεῖ
437 787 449 805 ,
478 771 552 794 non
580 757 702 795 solum
731 754 948 804 Herodoto,
978 755 1047 794 sed
1075 761 1113 793 et
1138 753 1276 793 Nostro
1304 754 1461 801 aliisque
1483 752 1685 801 familiare,

319 832 362 862 ut
407 838 518 872 supra
555 824 755 862 indicatum
797 824 843 861 de
871 822 984 861 Luct.
1014 823 1050 871 §-
1085 825 1122 861 5.
1181 820 1298 859 Adde
1338 819 1508 868 Philops.
1551 833 1582 857 c.
1615 821 1684 857 25.

319 893 385 930 ubi
416 893 536 930 obiter
564 898 763 940 notamus,
793 890 981 928 interdum
1010 891 1142 928 eodem
1170 889 1319 937 redire,
1351 885 1462 924 δοκεῖ
1482 900 1528 924 an
1558 884 1685 924 δοκεῖν

320 960 450 1007 dicas,
478 965 515 996 et
544 957 739 996 Herodot.
769 956 845 995 VI.
876 972 961 1006 pag.
994 962 1089 995 390.
1121 955 1168 996 Ε.
1199 950 1219 994 ὃ
1251 954 1293 993 δὲ
1333 951 1422 992 οὐδ’
1468 949 1517 992 ἂν
1558 949 1685 991 ἔπαθε

319 1023 442 1064 κακὸν
484 1022 622 1073 οὐδὲν,
667 1023 814 1062 δοκέειν
846 1023 943 1074 ἐμοί.
1004 1023 1149 1061 ΒειΤΖ.
1207 1021 1394 1060 Accurate
1422 1021 1470 1059 (le
1509 1020 1569 1058 his
1609 1022 1687 1070 agit

318 1091 512 1131 Fritzsch.
541 1092 733 1144 Quaestst.
765 1106 802 1139 p.
835 1093 902 1130 25.
934 1104 1016 1138 sq.‚
1056 1104 1128 1138 quo
1168 1090 1418 1137 praecipiente
1449 1087 1489 1125 h.
1518 1088 1545 1125 l.
1575 1089 1687 1126 resti-

320 1161 375 1198 tui
404 1173 636 1196 communem
663 1158 846 1194 librorum
878 1157 1090 1195 lectionem.
1148 1155 1291 1193 LEHM.

399 1224 497 1264 ibid.
544 1220 614 1263 Οὕ
628 1227 791 1273 νομα]
827 1221 893 1261 Sic
920 1225 1032 1261 scribi
1061 1224 1164 1271 jubet
1191 1223 1354 1260 Dialect.
1397 1222 1478 1270 huj.
1504 1222 1686 1272 opusculi,

319 1293 421 1342 quod
446 1292 507 1331 hic
535 1294 574 1330 iu
603 1293 714 1339 impr.
760 1291 931 1328 omuibus
970 1291 1203 1340 neglectum,
1242 1291 1331 1327 alibi
1359 1297 1458 1328 recte
1497 1291 1684 1328 scribitur.

317 1360 475 1399 SoLAN.
537 1356 596 1398 Τὸ
626 1356 768 1407 ὄνομα]
801 1357 921 1396 Immo
965 1355 1009 1396 τὸ
1038 1353 1191 1406 οὕνομα
1220 1357 1369 1406 Iouice‚
1399 1358 1479 1395 siue
1517 1364 1686 1406 apostro-

316 1428 421 1477 pho,
452 1428 621 1476 quamvis
649 1425 747 1463 Edd.
778 1425 977 1475 Hippocr.
1008 1432 1045 1463 et
1070 1423 1227 1463 Herod.
1256 1426 1398 1463 variant
1438 1426 1477 1462 in
1516 1423 1604 1474 his,
1642 1431 1684 1462 ut

318 1496 398 1535 vid.
429 1495 476 1533 ad
505 1509 539 1535 c.
569 1499 611 1534 2.
668 1493 816 1533 Rmrz.

403 1561 491 1601 ead.
523 1562 551 1600 l.
584 1564 623 1600 5.
655 1556 731 1598 Πό
745 1562 844 1607 λει]
874 1559 983 1610 Lege
1011 1555 1124 1607 πόλι,
1155 1566 1193 1598 et
1218 1560 1294 1598 vid.
1324 1566 1451 1598 notam
1479 1558 1526 1596 ad
1554 1573 1588 1598 c.
1614 1559 1684 1598 ult.

316 1629 431 1677 hujus
468 1629 571 1666 Dial.
611 1627 756 1666 Rmrz.
815 1628 860 1666 Iu
901 1626 961 1664 his
990 1628 1038 1666 ad
1063 1628 1262 1665 dialectum
1291 1627 1560 1675 pertinentibus
1598 1641 1686 1676 pro-

317 1697 429 1735 fiteor
457 1697 604 1734 omniuo
633 1709 702 1743 per
731 1702 850 1732 totum
877 1693 976 1732 hunc
1012 1695 1186 1731 libellum
1225 1695 1343 1731 libros
1383 1708 1468 1743 me,
1506 1701 1686 1742 quotquot

317 1777 435 1814 penes
464 1777 524 1801 me
553 1770 662 1812 suut,
700 1764 809 1800 unice
838 1775 922 1800 esse
964 1769 1157 1809 secutum,
1194 1762 1377 1809 primum,
1418 1762 1482 1798 ubi
1507 1761 1591 1798 fieri
1617 1775 1686 1810 po-

319 1833 416 1878 tuit,
446 1831 740 1878 manuscriptos,
770 1829 902 1866 deiude
930 1842 1020 1867 vero
1061 1828 1203 1875 editos,
1242 1841 1429 1876 nunquam
1459 1834 1600 1866 temere
1628 1829 1687 1865 in-

318 1913 426 1937 anem
456 1897 666 1946 corrige-cdi
695 1898 904 1945 pruritum,
948 1897 1012 1944 qui
1051 1897 1089 1932 in
1115 1893 1324 1933 Ionissante
1351 1893 1522 1932 Luciano
1550 1896 1686 1944 proba-

318 1975 378 2004 tus
407 1966 606 2004 admodum
636 1963 820 2001 ridiculus
854 1969 1022 2011 apparet.
1080 1961 1224 2001 me.

403 2032 493 2072 ead.
544 2032 573 2070 Ζ.
618 2036 657 2070 6.
705 2027 1071 2081 Γιγνομένων]
1124 2028 1232 2078 Lege
1280 2028 1406 2067 Ionice
1453 2025 1683 2078 γινομένων.

316 2099 376 2139 Ita
428 2102 528 2138 euim
570 2097 764 2136 Herodot.
812 2098 973 2147 ubique,
1037 2097 1196 2145 singulis
1243 2096 1322 2134 fere
1370 2096 1529 2144 pag-inis.
1589 2094 1684 2133 Item

317 2168 517 2216 Hippocr.
546 2166 620 2204 vid.
651 2166 761 2203 modo
789 2163 839 2202 L.
869 2162 946 2203 IV.
977 2163 1023 2202 de
1051 2164 1170 2201 morb.
1200 2177 1259 2211 pr.
1287 2163 1351 2200 ubi
1388 2164 1583 2210 quinquies
1611 2176 1684 2200 una

317 2249 406 2284 pag.
466 2233 545 2272 Sed
572 2235 612 2270 in
642 2232 762 2270 Aret.
791 2230 958 2283 γίγνεται
984 2232 1122 2279 ubique
1148 2229 1311 2278 editum3
1339 2236 1376 2266 at
1404 2230 1443 2266 in
1460 2228 1683 2277 aphorismis

317 2301 518 2350 Hippocr.
550 2301 775 2348 promiscue.
834 2298 1004 2347 Cumque
1032 2312 1121 2336 mox
1149 2296 1209 2334 hic
1238 2298 1295 2334 bis
1325 2310 1408 2344 cap.
1434 2300 1474 2335 7.
1514 2294 1682 2347 γίγνεται

316 2367 480 2407 habeant
509 2381 662 2416 omues,
692 2373 729 2404 et
758 2366 839 2404 fere
870 2379 1018 2414 semper
1046 2364 1207 2413 deinde,
1235 2365 1274 2401 in
1303 2377 1345 2402 re
1371 2370 1446 2400 tam
1474 2364 1578 2411 parvi
1603 2377 1685 2401 mo-

317 2437 434 2474 menti
463 2435 557 2472 nihil
583 2441 703 2472 muto.
757 2432 904 2471 Rtrrz.

350 2508 369 2541 .’
402 2501 506 2551 Pag.
537 2505 605 2541 82.
626 2500 663 2539 I.
695 2505 735 2538 1.
754 2495 1014 2550 ’Έρχομαι
1042 2494 1128 2550 ἔρέ
1140 2509 1172 2535 ω
1186 2500 1233 2543 ν]
1262 2494 1466 2535 Herodoto
1490 2495 1680 2543 frequens.

317 2567 384 2607 Sic
412 2565 577 2621 ἔρχομαι
607 2562 773 2620 φράσων
813 2566 868 2616 11,
913 2571 1005 2605 105.
1051 2563 1095 2602 C.
1135 2561 1302 2617 ἔρχομαι
1346 2560 1468 2609 λέξων
1505 2561 1598 2599 ibid.
1626 2560 1680 2599 D.

308 2632 504 2689 ’Έρχομαι
535 2631 660 2689 ἐρέων,
683 2634 716 2674 Ι.
744 2647 832 2683 pag.
864 2638 903 2672 3.
931 2631 984 2672 Β.
1029 2630 1182 2671 som.
