1768 3125
182 188 249 218 IN
285 186 767 219 DEMOSTHENIS
804 186 1187 218 ΕΝοοΜῑυΜ.
1326 171 1422 215 445

42 310 248 359 loquuntur
278 307 414 348 Graeci
444 315 481 347 et
509 306 663 357 Latini,
694 322 780 346 cum
809 307 1014 346 concedunt
1043 307 1207 356 quidem,
1239 304 1336 356 quod
1367 308 1422 344 a!-

44 385 102 416 ter
142 379 261 426 dixit,
304 377 371 415 sed
412 378 457 415 ad
500 391 541 415 se
572 377 666 414 nihil
704 378 890 424 pertinere
930 376 1141 414 ostendunt.
1201 374 1422 423 Aliquoties

46 447 98 483 ita
136 445 273 483 Noster
313 447 352 482 in
379 445 632 483 Hermotimo.
692 444 754 481 De
784 444 932 481 Latinis
972 444 1136 481 diximus
1178 443 1224 481 ad
1257 443 1422 496 Quintil.

43 511 97 561 II,
130 517 169 552 7.
198 521 296 551 extr.
358 510 558 551 Caeterum
586 512 679 550 hanc
723 512 769 549 de
799 511 983 549 Anniceri
1019 513 1269 550 narrationem
1310 510 1423 548 habet

43 582 154 618 etiam
183 581 351 618 Aeliam.
381 580 435 619 H.
466 579 521 618 V.
553 580 606 629 ΙΙ,
638 585 705 618 27.
766 578 891 617 Gesx.

127 648 215 686 ead.
247 649 274 686 I.
308 652 347 686 4.
372 645 691 701 Ἀννίκεριν]
735 646 807 684 Ille
837 649 945 695 ipse,
989 649 1051 695 qui
1081 646 1298 694 Platonem,
1339 661 1423 684 cum

41 719 151 765 jussu
180 716 364 766 Dionysii
389 718 578 765 vaeniret,
621 716 843 753 redemerat.
884 715 1007 763 Diog.
1038 714 1176 751 Laci‘rt.
1208 718 1276 752 74.
1308 714 1353 752 E.
1386 721 1424 752 et

44 788 109 823 54.
142 784 188 823 C.
220 785 283 821 ubi
314 791 437 821 tamen
467 785 585 821 alium
611 782 835 820 Annicerim
865 796 949 820 esse
979 783 1167 819 contendit
1189 782 1421 829 Bhenagius,

41 866 153 900 quem
182 852 268 889 vide
297 865 382 900 pag.
414 856 482 889 70.
515 850 565 888 D.
598 852 661 887 ubi
692 851 798 898 plura
829 850 874 887 de
904 864 948 887 eo
978 852 1190 887 testimonia
1218 851 1421 897 congessit.

40 919 148 957 Idem
191 919 237 956 de
278 933 322 956 eo
363 925 491 955 narrat
529 925 566 956 et
594 918 792 955 Aelianus
821 916 876 955 V.
906 916 960 955 Π.
991 916 1045 965 Π,
1079 922 1145 956 27.
1177 924 1272 955 teste
1302 917 1421 955 DIen.

40 994 78 1025 et
106 985 339 1024 Lactantius
368 984 455 1035 III,
498 988 564 1023 25.
608 987 673 1023 ubi
713 993 750 1023 et
788 987 952 1034 pretium
991 985 1093 1023 addit
1120 994 1202 1022 octo
1231 987 1421 1022 sestertia.

39 1053 114 1092 Pro
144 1049 168 1104 ἢ
199 1054 298 1091 male
326 1052 394 1090 ΓΖ.
427 1059 464 1091 et
499 1052 599 1091 Van.
632 1058 671 1091 2.
704 1048 743 1103 ij.
802 1053 847 1091 In
875 1053 918 1090 J.
950 1061 1075 1091 autem
1118 1043 1168 1104 ᾗ,
1208 1054 1281 1090 nisi
1321 1052 1424 1100 quod

38 1121 218 1160 mendose
247 1115 288 1173 ᾗ.
346 1119 449 1158 Illud
477 1122 576 1159 enim
605 1120 707 1158 haud
738 1121 849 1158 dubie
879 1121 1003 1158 editor
1025 1122 1190 1168 volebat,
1222 1127 1261 1157 ut
1287 1135 1318 1157 c.
1354 1123 1421 1158 15.

38 1180 64 1242 ᾗ
93 1188 159 1227 καὶ
184 1186 253 1227 τὸν
278 1185 320 1224 A
324 1183 481 1238 ημάὸἰμν
509 1194 581 1225 etc.
604 1188 704 1236 quod
726 1202 815 1226 saue
836 1185 989 1226 minime
1011 1188 1276 1237 spernendum,
1307 1190 1422 1225 immo

38 1272 171 1296 verum
200 1263 305 1305 puto.
364 1256 524 1295 Sonm.

125 1324 213 1363 ead.
245 1325 271 1362 l.
308 1329 345 1363 5.
377 1320 526 1377 1Ιρός
554 1319 842 1371 ΙΙ).α’τωνα]
885 1322 1051 1361 Aeliam.
1092 1321 1189 1362 Var.
1230 1321 1334 1361 Hist.
1365 1321 1421 1372 H,

40 1398 110 1433 27.
171 1392 337 1430 GUYET.

125 1459 212 1498 ead.
259 1461 288 1498 l.
334 1465 398 1498 10.
431 1453 907 1512 Ἆρματοτροχιάς
959 1455 1245 1507 ἀλεείνων]
1297 1460 1421 1500 Hom.

40 1529 165 1578 dixit,
209 1522 486 1580 ἇρματροχιάς
517 1526 722 1577 ἀλεείνων,
765 1529 864 1576 quod
895 1529 1084 1566 diversum
1124 1535 1196 1566 est.
1258 1527 1420 1567 (im-ET.

126 1595 214 1634 ead.
247 1596 274 1633 l.
310 1601 375 1634 12.
421 1591 743 1642 ΑΠαύσωνος]
802 1596 1020 1644 DIenagz’ns
1058 1599 1110 1633 ita
1149 1597 1422 1635 emendandum

39 1678 124 1702 esse
153 1663 322 1712 viderat,
354 1670 390 1700 et
417 1661 497 1700 Ms.
531 1662 599 1700 Gr.
631 1671 668 1701 et
697 1664 764 1701 FI.
796 1663 871 1702 Ed.
899 1664 1132 1701 confirmant.
1192 1663 1236 1702 In
1260 1665 1422 1713 reliquis

40 1734 141 1770 enim
181 1745 294 1779 prave
333 1731 472 1778 ubique
509 1731 649 1779 legitur
677 1727 906 1777 Πάσσωνος
949 1739 1018 1769 etc.
1062 1732 1139 1769 vid.
1181 1732 1288 1769 Plut.
1323 1737 1421 1771 705.

39 1801 68 1838 f.
111 1799 278 1837 Aeliam.
323 1796 378 1835 V.
418 1797 471 1835 H.
516 1797 646 1846 XIV,
690 1804 756 1838 15.
815 1799 878 1837 De
916 1798 987 1836 hoc
1026 1798 1199 1837 Pausone
1239 1800 1422 1847 judicium

37 1867 269 1906 Aristotelis
297 1866 384 1904 vide
414 1866 460 1903 de
492 1864 601 1903 Poe't.
634 1881 667 1905 c.
702 1871 742 1904 2.
773 1872 830 1915 pr.
873 1866 976 1914 (Non
1017 1867 1163 1904 viderat
1204 1868 1301 1904 sorte
1326 1868 1422 1906 Me-

38 1938 203 1984 naghas,
242 1934 311 1972 sed
347 1934 519 1984 Guyeto,
558 1940 600 1971 ut
639 1935 758 1982 solet,
799 1936 1010 1982 surripuit.)
1052 1933 1212 1972 SoleN.
1272 1934 1422 1972 Pauson

37 2006 172 2052 pictor.
230 2001 380 2039 Pauson
430 2002 567 2038 dicitur
602 2001 777 2038 Aeliano
818 2000 918 2039 Var.
961 2000 1062 2038 Hist.
1107 2000 1227 2050 XIV,
1273 2007 1339 2040 15.
1384 2010 1422 2040 et:

39 2067 251 2108 Plutarcho
281 2069 326 2105 de
357 2067 518 2117 Pythiae
547 2069 730 2116 oraculis,
762 2075 799 2105 et
828 2069 935 2117 aliis7
966 2083 1015 2106 ex
1044 2070 1179 2117 quibus
1208 2069 1270 2106 hic
1290 2071 1421 2119 leg-en-

40 2138 129 2175 dum
159 2132 397 2180 Παύσωνος.
444 2135 581 2185 Guyet.
641 2134 873 2173 Eadem'ad
910 2137 1064 2173 verbum
1108 2136 1220 2174 habet
1248 2137 1420 2186 BIenag.

38 2206 78 2242 in
120 2204 192 2242 Ed.
234 2204 375 2241 Graan.
418 2204 483 2250 qui
528 2217 612 2240 cum
650 2204 787 2251 ubique
828 2203 959 2241 eadem
998 2204 1164 2252 dederit,
1203 2219 1298 2253 quae
1337 2207 1420 2255 ille,

40 2273 157 2321 plag-ii
187 2273 336 2309 omnino
365 2284 451 2307 reus
486 2278 581 2308 esto.
640 2270 794 2308 Rmrz,

125 2337 213 2376 ead.
243 2339 270 2375 I.
306 2342 371 2375 13.
401 2333 658 2375 Πάσσωιί
688 2339 753 2390 τῷ
784 2327 1066 2390 ζωγράφῳ]
1101 2338 1320 2377 Verissime
1355 2341 1418 2377 in-

40 2407 326 2455 geniosissimus
377 2411 414 2442 et
456 2407 703 2442 amicissimus
743 2405 961 2452 DIcnagius
997 2406 1168 2443 emendat
1205 2403 1417 2447 Ilmssmmrc.

39 2473 134 2521 Ejus
164 2472 488 2521 emendationem,
527 2487 573 2510 ne
613 2472 702 2520 quid
741 2472 845 2510 dubii
880 2475 1068 2522 supersit,
1109 2474 1233 2511 firmat
1258 2473 1336 2512 MS.
1382 2484 1420 2514 et

40 2541 155 2579 editio
184 2540 427 2577 Florentium
488 2540 655 2578 GRAEV.

124 2608 226 2656 Pag.
284 2611 375 2645 146.
432 2607 460 2644 l.
504 2612 543 2645 2.
596 2604 963 2658 ΖΙῙΙέμφεσθαι]
1032 2606 1114 2645 Καὶ
1163 2606 1414 2660 Λιιείιιᾳειῑθοιι.

43 2673 204 2714 ΘΠΥΕΤ.
263 2674 394 2725 Bene,
438 2681 476 2712 et
514 2688 647 2722 parum
676 2676 803 2725 abest,
831 2676 922 2723 quin
948 2677 1076 2713 invitis
1105 2674 1204 2714 Edd.
1236 2678 1417 2723 inseram.
