1768 3125
236 181 304 211 IN
342 181 697 213 enarremus
736 181 1184 215 sATunNAnsss.
1340 170 1434 214 339

64 303 172 340 nesio
208 300 255 339 ad
292 299 416 339 Hom.
453 299 601 351 Odyss.
642 299 751 352 XII,
795 305 914 351 129„
951 303 992 339 in
1036 302 1135 341 libro
1178 300 1240 341 De
1280 301 1432 343 Astrol.

66 382 101 406 c.
135 373 201 408 22.
234 383 303 417 pro
331 369 565 407 incommoda
596 370 757 408 lectione
786 370 938 419 vulgata
968 369 1038 408 τοῦ
1066 364 1180 421 ἡλίου
1209 366 1282 416 τὰς
1309 367 1437 420 βολάς

66 436 330 485 corrigendum
358 436 452 474 vidit
479 450 515 474 τ.
555 430 619 486 ἡλ.
649 433 722 483 τὰς
749 432 892 486 βόας.
950 436 1092 476 anvx.

149 503 256 544 End.
284 504 312 542 l.
345 509 409 542 10.
446 501 715 554 Οἴχεσθαι
747 503 829 542 καὶ
858 498 1086 551 ταύται]
1116 503 1178 543 Ex
1206 503 1432 553 praeceden-

64 571 179 621 tibus,
206 578 244 610 et
272 571 498 609 editionibus
528 573 690 620 antiquis
719 572 920 622 legendum
947 567 1111 618 ταύτας.
1167 571 1284 612 JENS.

148 638 235 677 ead.
266 639 293 677 l.
328 643 394 677 14.
427 636 530 689 Τὴν
567 638 768 690 ἐσθῆτα
810 636 868 676 δέ
895 636 965 685 οἱ]
1004 637 1111 677 Illud
1152 637 1189 678 οἳ
1228 655 1302 678 non
1340 643 1433 682 satis

62 705 124 744 hic
152 706 344 744 commode
371 707 496 745 locum
525 706 662 744 habere
688 706 863 755 videtur,
907 719 993 743 cum
1029 707 1197 754 plurium
1236 722 1433 748 munerum

62 775 228 823 postulet
256 776 435 812 orationis
464 776 597 813 series.
658 771 846 822 Coeperat
874 774 1003 823 enim,
1047 771 1204 812 ἐπειδὰν
1232 773 1434 827 λουσάμε-

64 855 125 879 νοι
156 837 298 892 ἥκωσι,
331 838 399 880 τὸν
429 840 553 879 παῖδα
580 838 653 890 μὲν
684 836 821 886 αὐτοῖς
850 854 887 878 κ.
917 855 954 878 τ.
985 842 1021 879 λ.
1079 839 1208 879 Potest
1235 849 1360 881 tamen
1388 845 1434 882 ab

61 909 144 957 ipso
173 907 351 948 Luciam
382 922 467 947 esse
503 907 596 946 haec
633 907 697 946 vel
733 908 989 958 negligentia,
1028 909 1091 946 vel
1129 908 1276 959 figura,
1317 918 1359 947 ut
1398 907 1435 949 οἷ

62 983 220 1024 ponatur
257 989 326 1024 pro
366 974 480 1028 σφίσι
522 976 586 1014 vel
627 970 785 1024 αὐτοῖς,
827 989 895 1024 per
933 975 1246 1015 distributionem.
1305 975 1435 1018 Gesn-

62 1041 126 1081 Λέ
153 1040 214 1089 οἱ]
246 1042 344 1081 Edd.
377 1041 420 1081 δὲ
450 1040 501 1082 οἳ.
560 1042 643 1093 Ego
666 1043 835 1081 enclitice
864 1045 1022 1093 scripsi,
1061 1051 1102 1082 ut
1136 1042 1174 1083 οἶ
1211 1046 1261 1083 sit
1288 1045 1436 1085 dativus

62 1111 108 1148 ab
136 1102 200 1160 οὗ,
231 1125 298 1159 pro
328 1107 452 1165 αὐτῷ,
476 1111 577 1160 quod
605 1112 823 1160 probatione
850 1124 924 1148 non
952 1111 1108 1160 indiget.
1144 1109 1293 1150 Rsrrz.
1350 1111 1436 1152 Hoc

61 1178 215 1226 quidem
248 1180 465 1226 probatione
508 1193 584 1216 non
627 1171 787 1228 egebat,
825 1177 923 1215 illud
952 1191 1042 1216 vero
1070 1185 1173 1218 tanto
1197 1181 1345 1230 magis,
1385 1181 1435 1219 de

62 1261 136 1295 quo
173 1248 250 1295 agit
287 1246 505 1295 Gesnerus,
542 1245 716 1295 quodque
754 1259 829 1283 nou
866 1259 909 1283 ea
924 1273 937 1294 ‚
976 1258 1049 1293 qua
1086 1244 1241 1286 Reitzv‘o
1280 1249 1434 1299 placuit,

62 1315 215 1352 levitate
245 1314 389 1352 absolvi
416 1315 553 1362 potuit.
595 1312 759 1362 Aliquid
783 1313 954 1351 fortassis
985 1302 1057 1361 est,
1088 1315 1187 1363 quod
1209 1317 1249 1353 in
1266 1315 1368 1355 Bas.
1393 1321 1434 1356 3.

63 1379 101 1420 οἳ
129 1383 242 1430 plane
268 1383 472 1430 omissum,
511 1388 549 1419 et
585 1377 628 1418 δὲ
665 1393 773 1418 secus
803 1386 915 1428 atque
953 1382 992 1418 in
1019 1379 1121 1420 Bas.
1155 1387 1193 1421 1.
1232 1385 1338 1433 gravi
1373 1399 1435 1422 ac-

61 1456 172 1487 centu
199 1455 368 1486 notatum
395 1450 606 1498 reperitur,
644 1448 743 1486 unde
772 1448 931 1498 colligas
958 1449 1147 1499 consulto,
1176 1464 1251 1488 non
1277 1458 1435 1502 temere,

60 1518 307 1565 posteriorem
355 1515 618 1554 Basileensem
669 1529 690 1553 a
737 1517 854 1564 priori
910 1518 1125 1555 recessisse.
1179 1516 1434 1557 Nihilominus

62 1591 161 1633 puto·
181 1584 276 1621 illud
305 1581 343 1622 οἳ
371 1597 447 1622 non
475 1591 552 1621 tam
579 1583 802 1631 ejiciendum
816 1611 829 1633 ,
867 1597 980 1632 quam
1016 1586 1143 1632 potius
1170 1587 1435 1635 corrig-endum

62 1660 161 1689 esse.
199 1649 270 1688 -Et
297 1652 405 1689 unice
434 1651 589 1700 quidem
613 1664 744 1690 veram
763 1679 776 1700 ,
806 1652 840 1689 si
869 1651 960 1699 quid
988 1650 1111 1701 video,
1140 1654 1323 1691 rationem
1352 1655 1436 1691 iniit

63 1716 305 1756 Fritzsclzius
355 1718 549 1769 Quaestst.
603 1732 640 1767 p.
682 1722 778 1759 207.
830 1720 895 1767 qui
932 1733 1001 1768 pro
1042 1716 1087 1756 δέ
1138 1716 1177 1757 οἶ
1215 1719 1436 1759 Lucianum

64 1785 112 1830 δὲ,
134 1784 216 1824 δέοι
255 1787 453 1834 scripsisse
487 1787 644 1824 censuit.
701 1786 764 1824 De
801 1787 1000 1825 insolentia
1039 1793 1165 1824 autem
1182 1786 1361 1836 'optativi
1398 1790 1437 1826 in

63 1852 132 1892 hac
159 1855 313 1904 syntaxi
342 1853 436 1891 adiri
464 1855 568 1903 jubet
593 1854 663 1892 ille
690 1852 928 1907 Schifferum
957 1854 1005 1891 ad
1025 1852 1226 1892 Demostlz.
1249 1854 1435 1904 Apparat.

63 1920 173 1959 Tom.
203 1920 236 1958 Ι.
265 1935 303 1969 p.
337 1926 446 1970 216„
475 1922 540 1959 ubi
567 1920 706 1959 Bremz'
732 1922 862 1960 laudat
902 1922 1063 1960 eundem
1100 1922 1141 1959 iu
1178 1921 1294 1960 finem
1321 1922 1438 1962 Mat—

63 1985 165 2027 thiae
194 1986 263 2027 Gr.
293 1987 362 2027 Gr.
394 1992 423 2036 §.
450 1993 543 2028 529.
567 1995 605 2027 3.
665 1987 809 2027 Luam.

147 2055 246 2104 Pag.
272 2060 339 2095 28.
369 2055 398 2093 l.
422 2058 462 2094 5.
487 2051 867 2109 Ἐπιρῥεούσης
893 2055 985 2105 τῆς
1013 2050 1216 2105 κόμης]
1241 2052 1435 2110 Ἀπορῤε-

67 2119 190 2173 οὔσης
220 2137 256 2161 τ.
296 2137 333 2160 κ.
363 2121 548 2161 MAncn..
568 2117 887 2175 ‘Ynossgjemssorffl
912 2119 958 2158 In
993 2120 1104 2159 libris
1141 2125 1281 2161 nostris
1317 2127 1437 2163 omni·

66 2191 136 2228 bus
162 2191 355 2239 legebatur
384 2184 659 2242 ἓπιρῥεούσης,
700 2189 801 2238 quod
842 2203 926 2227 cum
962 2187 1023 2226 hic
1061 2188 1152 2227 ferri
1190 2205 1265 2228 non
1300 2194 1435 2241 possit,

65 2259 304 2295 mutavimus.
326 2286 330 2291 ,
353 2255 490 2305 Vide,
521 2270 569 2295 ne
599 2263 636 2294 te
654 2270 802 2305 morer,
832 2255 953 2294 Diall.
984 2253 1142 2295 Merett.
1171 2256 1268 2296 XII.
1300 2272 1434 2297 versus

66 2324 195 2373 finem,
216 2325 285 2362 ubi
299 2326 412 2362 recte
438 2325 478 2361 in
506 2325 677 2362 omnibus
705 2325 906 2373 scriptmn⁸
915 2330 987 2374 est,
1015 2317 1207 2377 ὖπέῤῥεον
1228 2321 1304 2377 γὰρ
1334 2322 1436 2379 αὐτῇ

68 2388 111 2429 αἶ
149 2389 290 2443 τρίχες.
348 2390 502 2429 SoLAN.
735 2430 741 2435 .

151 2457 260 2496 Ead.
287 2457 317 2496 l.
349 2464 414 2497 10.
442 2455 517 2505 Ἐς
543 2455 595 2497 τὸ
623 2453 803 2497 κοινὸν
831 2460 1103 2506 πλουτεῖν]
1144 2459 1199 2498 In
1235 2459 1437 2498 utilitatem

30 2536 40 2541 χ
63 2525 262 2575 publicam
301 2524 458 2565 divitias
489 2524 642 2564 habere.
699 2523 764 2563 Sic
813 2525 996 2565 Philostr.
1041 2525 1105 2566 IV
1107 2554 1118 2566 .
1163 2526 1247 2566 Vit.
1299 2524 1434 2575 Apoll.

69 2607 113 2632 c.-
147 2597 187 2632 8.
232 2596 326 2632 146.
370 2587 391 2631 ὅ
431 2592 475 2631 δὲ
510 2588 851 2644 θαυμασθήσεται
892 2591 971 2634 ἀπὸ
1012 2595 1085 2633 τοῦ
1139 2591 1181 2640 ἒς
1216 2591 1261 2634 τὸ
1303 2590 1436 2633 κοινὸν

73 2661 267 2699 πλουτεῖν.
323 2659 470 2699 Rmrz.

975 2716 1062 2755 Y2
