<?xml version="1.0" encoding="UTF-8"?>
<!DOCTYPE html PUBLIC "-//W3C//DTD XHTML 1.0 Transitional//EN"
    "http://www.w3.org/TR/xhtml1/DTD/xhtml1-transitional.dtd">
<html xmlns="http://www.w3.org/1999/xhtml" xml:lang="en" lang="en">
 <head>
  <title>
</title>
<meta http-equiv="Content-Type" content="text/html;charset=utf-8" />
  <meta name='ocr-system' content='tesseract 3.04.00' />
  <meta name='ocr-capabilities' content='ocr_page ocr_carea ocr_par ocr_line ocrx_word'/>
</head>
<body>
  <div class='ocr_page' id='page_1' title='image "./operagraecaetlat09luciuoft_0572.png"; bbox 0 0 1740 3095; ppageno 0'>
   <div class='ocr_carea' id='block_1_1' title="bbox 293 131 1358 178">
    <p class='ocr_par' dir='ltr' id='par_1_1' title="bbox 293 131 1358 178">
     <span class='ocr_line' id='line_1_1' title="bbox 293 131 1358 178; baseline 0.003 -3"><span class='ocrx_word' id='word_1_1' title='bbox 293 131 388 176; x_wconf 79' lang='lat'>562</span> <span class='ocrx_word' id='word_1_2' title='bbox 581 144 1358 178; x_wconf 64' lang='lat' dir='ltr'>ADNOTAwloNEs</span> 
     </span>
    </p>
   </div>
   <div class='ocr_carea' id='block_1_2' title="bbox 287 262 1663 2670">
    <p class='ocr_par' dir='ltr' id='par_1_2' title="bbox 288 262 1661 453">
     <span class='ocr_line' id='line_1_2' title="bbox 290 262 1661 314; baseline 0.003 -11"><span class='ocrx_word' id='word_1_3' title='bbox 290 262 510 314; x_wconf 65' lang='lat' dir='ltr'>Stephano,</span> <span class='ocrx_word' id='word_1_4' title='bbox 539 265 613 312; x_wconf 87' lang='lat' dir='ltr'>sit,</span> <span class='ocrx_word' id='word_1_5' title='bbox 644 270 835 302; x_wconf 86' lang='lat' dir='ltr'><strong>auctorem</strong></span> <span class='ocrx_word' id='word_1_6' title='bbox 860 277 952 313; x_wconf 86' lang='lat' dir='ltr'>prae</span> <span class='ocrx_word' id='word_1_7' title='bbox 981 264 1100 304; x_wconf 86' lang='lat' dir='ltr'>oculis</span> <span class='ocrx_word' id='word_1_8' title='bbox 1127 263 1303 305; x_wconf 83' lang='lat' dir='ltr'>habuisse</span> <span class='ocrx_word' id='word_1_9' title='bbox 1330 267 1454 305; x_wconf 83' lang='lat' dir='ltr'>locum</span> <span class='ocrx_word' id='word_1_10' title='bbox 1482 280 1504 306; x_wconf 89' lang='lat' dir='ltr'>e</span> <span class='ocrx_word' id='word_1_11' title='bbox 1532 266 1661 307; x_wconf 77' lang='lat' dir='ltr'>Philo-</span> 
     </span>
     <span class='ocr_line' id='line_1_3' title="bbox 288 328 1661 386; baseline 0.001 -14"><span class='ocrx_word' id='word_1_12' title='bbox 288 333 432 382; x_wconf 83' lang='lat' dir='ltr'>pseude</span> <span class='ocrx_word' id='word_1_13' title='bbox 459 332 620 370; x_wconf 84' lang='lat' dir='ltr'>Luciani</span> <span class='ocrx_word' id='word_1_14' title='bbox 654 334 733 381; x_wconf 86' lang='lat' dir='ltr'>jam</span> <span class='ocrx_word' id='word_1_15' title='bbox 765 331 981 381; x_wconf 79' lang='lat' dir='ltr'>laudatum,</span> <span class='ocrx_word' id='word_1_16' title='bbox 1019 333 1085 370; x_wconf 91' lang='lat' dir='ltr'>ubi</span> <span class='ocrx_word' id='word_1_17' title='bbox 1115 335 1227 371; x_wconf 88' lang='lat' dir='ltr'>etiam</span> <span class='ocrx_word' id='word_1_18' title='bbox 1255 328 1276 373; x_wconf 79' lang='grc' dir='ltr'><em>ὃ</em></span> <span class='ocrx_word' id='word_1_19' title='bbox 1303 329 1454 385; x_wconf 81' lang='grc' dir='ltr'><em>μόχλος</em></span> <span class='ocrx_word' id='word_1_20' title='bbox 1482 335 1553 386; x_wconf 81' lang='grc' dir='ltr'>τῆς</span> <span class='ocrx_word' id='word_1_21' title='bbox 1578 330 1661 373; x_wconf 76' lang='grc' dir='ltr'>θύ-</span> 
     </span>
     <span class='ocr_line' id='line_1_4' title="bbox 290 398 1200 453; baseline -0.001 -15"><span class='ocrx_word' id='word_1_22' title='bbox 290 414 366 453; x_wconf 78' lang='grc' dir='ltr'>ρας</span> <span class='ocrx_word' id='word_1_23' title='bbox 393 406 556 437; x_wconf 84' lang='lat' dir='ltr'>mutatus</span> <span class='ocrx_word' id='word_1_24' title='bbox 584 401 625 436; x_wconf 87' lang='lat' dir='ltr'>in</span> <span class='ocrx_word' id='word_1_25' title='bbox 652 398 842 437; x_wconf 84' lang='lat' dir='ltr'>hominem</span> <span class='ocrx_word' id='word_1_26' title='bbox 869 400 1015 438; x_wconf 85' lang='lat' dir='ltr'>dicitur.</span> <span class='ocrx_word' id='word_1_27' title='bbox 1074 399 1200 439; x_wconf 65' lang='lat' dir='ltr'>Gnsn.</span> 
     </span>
    </p>

    <p class='ocr_par' dir='ltr' id='par_1_3' title="bbox 287 462 1663 977">
     <span class='ocr_line' id='line_1_5' title="bbox 373 462 1663 519; baseline 0.002 -14"><span class='ocrx_word' id='word_1_28' title='bbox 373 466 459 505; x_wconf 76' lang='lat' dir='ltr'>ead.</span> <span class='ocrx_word' id='word_1_29' title='bbox 489 466 517 504; x_wconf 81' lang='lat' dir='ltr'>I.</span> <span class='ocrx_word' id='word_1_30' title='bbox 549 471 587 504; x_wconf 90' lang='grc'>6.</span> <span class='ocrx_word' id='word_1_31' title='bbox 612 462 981 519; x_wconf 72' lang='grc' dir='ltr'><em>Ἀπεργάσεται</em></span> <span class='ocrx_word' id='word_1_32' title='bbox 1008 489 1062 497; x_wconf 91' lang='lat'>—-</span> <span class='ocrx_word' id='word_1_33' title='bbox 1091 464 1448 515; x_wconf 71' lang='grc' dir='ltr'><strong><em>κατάθελξις]</em></strong></span> <span class='ocrx_word' id='word_1_34' title='bbox 1480 468 1663 508; x_wconf 85' lang='lat' dir='ltr'>Ultimam</span> 
     </span>
     <span class='ocr_line' id='line_1_6' title="bbox 288 531 1662 585; baseline 0.002 -13"><span class='ocrx_word' id='word_1_35' title='bbox 288 533 383 572; x_wconf 83' lang='lat' dir='ltr'>hanc</span> <span class='ocrx_word' id='word_1_36' title='bbox 421 547 551 571; x_wconf 86' lang='lat' dir='ltr'>vocem</span> <span class='ocrx_word' id='word_1_37' title='bbox 588 548 657 583; x_wconf 87' lang='lat' dir='ltr'>pro</span> <span class='ocrx_word' id='word_1_38' title='bbox 686 531 933 585; x_wconf 77' lang='grc' dir='ltr'><em>κατάπληξις</em></span> <span class='ocrx_word' id='word_1_39' title='bbox 960 535 1148 574; x_wconf 84' lang='lat' dir='ltr'>substitui.</span> <span class='ocrx_word' id='word_1_40' title='bbox 1206 535 1405 574; x_wconf 73' lang='lat' dir='ltr'>Rationem</span> <span class='ocrx_word' id='word_1_41' title='bbox 1435 537 1662 575; x_wconf 88' lang='lat' dir='ltr'>emendatio-</span> 
     </span>
     <span class='ocr_line' id='line_1_7' title="bbox 287 601 1662 655; baseline 0.004 -16"><span class='ocrx_word' id='word_1_42' title='bbox 287 603 370 650; x_wconf 87' lang='lat' dir='ltr'><strong>nis,</strong></span> <span class='ocrx_word' id='word_1_43' title='bbox 418 601 563 639; x_wconf 82' lang='lat' dir='ltr'><strong>ultimis</strong></span> <span class='ocrx_word' id='word_1_44' title='bbox 611 604 736 641; x_wconf 85' lang='lat' dir='ltr'>verbis</span> <span class='ocrx_word' id='word_1_45' title='bbox 776 601 1016 651; x_wconf 82' lang='lat' dir='ltr'>Triephontis</span> <span class='ocrx_word' id='word_1_46' title='bbox 1059 610 1097 641; x_wconf 84' lang='lat' dir='ltr'>et</span> <span class='ocrx_word' id='word_1_47' title='bbox 1134 617 1215 652; x_wconf 76' lang='lat' dir='ltr'>cap.</span> <span class='ocrx_word' id='word_1_48' title='bbox 1255 608 1295 642; x_wconf 83' lang='lat'>9.</span> <span class='ocrx_word' id='word_1_49' title='bbox 1333 602 1502 652; x_wconf 87' lang='lat' dir='ltr'>Philops.</span> <span class='ocrx_word' id='word_1_50' title='bbox 1540 605 1662 655; x_wconf 83' lang='lat' dir='ltr'>lectis,</span> 
     </span>
     <span class='ocr_line' id='line_1_8' title="bbox 287 668 1662 721; baseline 0.003 -15"><span class='ocrx_word' id='word_1_51' title='bbox 287 668 400 706; x_wconf 82' lang='lat' dir='ltr'>facile</span> <span class='ocrx_word' id='word_1_52' title='bbox 438 669 652 718; x_wconf 81' lang='lat' dir='ltr'>intelliges3</span> <span class='ocrx_word' id='word_1_53' title='bbox 706 683 755 708; x_wconf 84' lang='lat' dir='ltr'>ex</span> <span class='ocrx_word' id='word_1_54' title='bbox 794 683 839 708; x_wconf 88' lang='lat' dir='ltr'>eo</span> <span class='ocrx_word' id='word_1_55' title='bbox 876 672 976 708; x_wconf 85' lang='lat' dir='ltr'>enim</span> <span class='ocrx_word' id='word_1_56' title='bbox 1014 671 1143 709; x_wconf 82' lang='lat' dir='ltr'>libello</span> <span class='ocrx_word' id='word_1_57' title='bbox 1172 669 1263 709; x_wconf 85' lang='lat' dir='ltr'>haec</span> <span class='ocrx_word' id='word_1_58' title='bbox 1292 672 1415 709; x_wconf 87' lang='lat' dir='ltr'>omnia</span> <span class='ocrx_word' id='word_1_59' title='bbox 1441 672 1567 719; x_wconf 89' lang='lat' dir='ltr'>palam</span> <span class='ocrx_word' id='word_1_60' title='bbox 1595 686 1662 721; x_wconf 83' lang='lat' dir='ltr'>pe·-</span> 
     </span>
     <span class='ocr_line' id='line_1_9' title="bbox 288 735 1662 777; baseline 0.003 -4"><span class='ocrx_word' id='word_1_61' title='bbox 288 737 376 774; x_wconf 77' lang='lat' dir='ltr'>fita:</span> <span class='ocrx_word' id='word_1_62' title='bbox 416 735 547 774; x_wconf 84' lang='lat' dir='ltr'>confer</span> <span class='ocrx_word' id='word_1_63' title='bbox 587 738 711 775; x_wconf 89' lang='lat' dir='ltr'>omnia</span> <span class='ocrx_word' id='word_1_64' title='bbox 743 737 836 775; x_wconf 83' lang='lat' dir='ltr'>haec</span> <span class='ocrx_word' id='word_1_65' title='bbox 873 751 957 775; x_wconf 89' lang='lat' dir='ltr'>cum</span> <span class='ocrx_word' id='word_1_66' title='bbox 994 739 1100 776; x_wconf 82' lang='lat' dir='ltr'>illius</span> <span class='ocrx_word' id='word_1_67' title='bbox 1133 753 1166 777; x_wconf 88' lang='lat' dir='ltr'>c.</span> <span class='ocrx_word' id='word_1_68' title='bbox 1196 741 1264 777; x_wconf 86' lang='lat'>34.</span> <span class='ocrx_word' id='word_1_69' title='bbox 1296 743 1363 777; x_wconf 81' lang='lat'>35.</span> <span class='ocrx_word' id='word_1_70' title='bbox 1395 745 1431 776; x_wconf 91' lang='lat' dir='ltr'>et</span> <span class='ocrx_word' id='word_1_71' title='bbox 1460 742 1528 777; x_wconf 79' lang='lat'>36.</span> <span class='ocrx_word' id='word_1_72' title='bbox 1584 737 1662 777; x_wconf 85' lang='lat' dir='ltr'>Re-</span> 
     </span>
     <span class='ocr_line' id='line_1_10' title="bbox 287 803 1663 855; baseline 0.002 -15"><span class='ocrx_word' id='word_1_73' title='bbox 287 803 399 841; x_wconf 85' lang='lat' dir='ltr'>tineri</span> <span class='ocrx_word' id='word_1_74' title='bbox 444 808 568 842; x_wconf 87' lang='lat' dir='ltr'>tamen</span> <span class='ocrx_word' id='word_1_75' title='bbox 602 811 726 853; x_wconf 86' lang='lat' dir='ltr'>potest</span> <span class='ocrx_word' id='word_1_76' title='bbox 762 806 914 854; x_wconf 83' lang='lat' dir='ltr'>vulgata</span> <span class='ocrx_word' id='word_1_77' title='bbox 953 807 1159 854; x_wconf 83' lang='lat' dir='ltr'>scriptura,</span> <span class='ocrx_word' id='word_1_78' title='bbox 1212 807 1299 855; x_wconf 89' lang='lat' dir='ltr'>quia</span> <span class='ocrx_word' id='word_1_79' title='bbox 1337 805 1432 843; x_wconf 85' lang='lat' dir='ltr'><strong>nihil</strong></span> <span class='ocrx_word' id='word_1_80' title='bbox 1467 805 1560 843; x_wconf 86' lang='lat' dir='ltr'>adeo</span> <span class='ocrx_word' id='word_1_81' title='bbox 1598 807 1663 843; x_wconf 88' lang='lat' dir='ltr'>ab·</span> 
     </span>
     <span class='ocr_line' id='line_1_11' title="bbox 288 869 1660 923; baseline 0.001 -13"><span class='ocrx_word' id='word_1_82' title='bbox 288 869 444 910; x_wconf 79' lang='lat' dir='ltr'>surdum</span> <span class='ocrx_word' id='word_1_83' title='bbox 485 877 570 921; x_wconf 86' lang='lat' dir='ltr'>est,</span> <span class='ocrx_word' id='word_1_84' title='bbox 621 873 712 921; x_wconf 84' lang='lat' dir='ltr'>quin</span> <span class='ocrx_word' id='word_1_85' title='bbox 750 873 798 910; x_wconf 88' lang='lat' dir='ltr'>ab</span> <span class='ocrx_word' id='word_1_86' title='bbox 834 872 908 911; x_wconf 87' lang='lat' dir='ltr'>hoc</span> <span class='ocrx_word' id='word_1_87' title='bbox 942 875 1124 923; x_wconf 83' lang='lat' dir='ltr'><strong>scriptore</strong></span> <span class='ocrx_word' id='word_1_88' title='bbox 1161 874 1234 912; x_wconf 85' lang='lat' dir='ltr'>dici</span> <span class='ocrx_word' id='word_1_89' title='bbox 1270 874 1437 922; x_wconf 83' lang='lat' dir='ltr'>potuisse</span> <span class='ocrx_word' id='word_1_90' title='bbox 1474 873 1660 912; x_wconf 81' lang='lat' dir='ltr'>videatur.</span> 
     </span>
     <span class='ocr_line' id='line_1_12' title="bbox 289 936 444 977; baseline -0.013 0"><span class='ocrx_word' id='word_1_91' title='bbox 289 936 444 977; x_wconf 70' lang='lat' dir='ltr'>SoLAN.</span> 
     </span>
    </p>

    <p class='ocr_par' dir='ltr' id='par_1_4' title="bbox 289 1001 1663 1247">
     <span class='ocr_line' id='line_1_13' title="bbox 373 1001 1662 1057; baseline 0.002 -15"><span class='ocrx_word' id='word_1_92' title='bbox 373 1002 461 1042; x_wconf 82' lang='lat' dir='ltr'>ead.</span> <span class='ocrx_word' id='word_1_93' title='bbox 489 1004 517 1042; x_wconf 79' lang='lat' dir='ltr'>l.</span> <span class='ocrx_word' id='word_1_94' title='bbox 549 1009 589 1044; x_wconf 87' lang='lat'>7.</span> <span class='ocrx_word' id='word_1_95' title='bbox 620 1001 842 1045; x_wconf 80' lang='grc' dir='ltr'><em>Κατάπλ</em></span> <span class='ocrx_word' id='word_1_96' title='bbox 857 1006 938 1057; x_wconf 77' lang='grc' dir='ltr'>ηξι</span> <span class='ocrx_word' id='word_1_97' title='bbox 952 1010 997 1053; x_wconf 86' lang='grc' dir='ltr'>ς]</span> <span class='ocrx_word' id='word_1_98' title='bbox 1033 1001 1139 1044; x_wconf 80' lang='grc' dir='ltr'><em>Ἀντὶ</em></span> <span class='ocrx_word' id='word_1_99' title='bbox 1169 1001 1425 1055; x_wconf 75' lang='grc' dir='ltr'><em>ἀκούσματος</em></span> <span class='ocrx_word' id='word_1_100' title='bbox 1454 1008 1662 1057; x_wconf 76' lang='grc' dir='ltr'><em>καταπλη-</em></span> 
     </span>
     <span class='ocr_line' id='line_1_14' title="bbox 289 1071 1662 1124; baseline 0.001 -14"><span class='ocrx_word' id='word_1_101' title='bbox 289 1072 449 1110; x_wconf 59' lang='lat' dir='ltr'>annosi·</span> <span class='ocrx_word' id='word_1_102' title='bbox 491 1078 533 1109; x_wconf 88' lang='lat' dir='ltr'>ut</span> <span class='ocrx_word' id='word_1_103' title='bbox 560 1086 621 1121; x_wconf 84' lang='lat' dir='ltr'>ap.</span> <span class='ocrx_word' id='word_1_104' title='bbox 652 1072 808 1112; x_wconf 82' lang='lat' dir='ltr'>Lucret.</span> <span class='ocrx_word' id='word_1_105' title='bbox 840 1071 930 1122; x_wconf 91' lang='lat' dir='ltr'>IV,</span> <span class='ocrx_word' id='word_1_106' title='bbox 973 1077 1095 1112; x_wconf 84' lang='lat'><strong>1157.</strong></span> <span class='ocrx_word' id='word_1_107' title='bbox 1154 1073 1316 1121; x_wconf 74' lang='lat' dir='ltr'>Magna</span> <span class='ocrx_word' id='word_1_108' title='bbox 1345 1084 1457 1124; x_wconf 74' lang='lat' dir='ltr'>atque</span> <span class='ocrx_word' id='word_1_109' title='bbox 1484 1077 1662 1112; x_wconf 77' lang='lat' dir='ltr'>immanis</span> 
     </span>
     <span class='ocr_line' id='line_1_15' title="bbox 289 1134 1663 1192; baseline 0.004 -17"><span class='ocrx_word' id='word_1_110' title='bbox 289 1139 467 1186; x_wconf 81' lang='lat' dir='ltr'>(amasia)</span> <span class='ocrx_word' id='word_1_111' title='bbox 498 1134 743 1191; x_wconf 77' lang='grc' dir='ltr'><em>κατάπληξις</em></span> <span class='ocrx_word' id='word_1_112' title='bbox 764 1141 961 1192; x_wconf 73' lang='lat' dir='ltr'>plenaque</span> <span class='ocrx_word' id='word_1_113' title='bbox 988 1137 1162 1190; x_wconf 70' lang='lat' dir='ltr'>honoris,</span> <span class='ocrx_word' id='word_1_114' title='bbox 1192 1154 1215 1178; x_wconf 88' lang='lat' dir='ltr'>a</span> <span class='ocrx_word' id='word_1_115' title='bbox 1243 1142 1370 1179; x_wconf 85' lang='lat' dir='ltr'>saucio</span> <span class='ocrx_word' id='word_1_116' title='bbox 1402 1148 1567 1179; x_wconf 86' lang='lat' dir='ltr'>amatore</span> <span class='ocrx_word' id='word_1_117' title='bbox 1595 1155 1663 1180; x_wconf 83' lang='lat' dir='ltr'>vo-</span> 
     </span>
     <span class='ocr_line' id='line_1_16' title="bbox 290 1204 597 1247; baseline 0.007 -3"><span class='ocrx_word' id='word_1_118' title='bbox 290 1213 407 1245; x_wconf 87' lang='lat' dir='ltr'>catur.</span> <span class='ocrx_word' id='word_1_119' title='bbox 467 1204 597 1247; x_wconf 61' lang='lat' dir='ltr'>Gssx.</span> 
     </span>
    </p>

    <p class='ocr_par' dir='ltr' id='par_1_5' title="bbox 288 1270 1663 1929">
     <span class='ocr_line' id='line_1_17' title="bbox 374 1270 1663 1327; baseline 0.002 -15"><span class='ocrx_word' id='word_1_120' title='bbox 374 1271 461 1312; x_wconf 74' lang='lat' dir='ltr'>ead.</span> <span class='ocrx_word' id='word_1_121' title='bbox 489 1273 519 1312; x_wconf 82' lang='lat' dir='ltr'>l.</span> <span class='ocrx_word' id='word_1_122' title='bbox 552 1278 618 1313; x_wconf 90' lang='grc'>10.</span> <span class='ocrx_word' id='word_1_123' title='bbox 657 1270 763 1312; x_wconf 76' lang='grc' dir='ltr'><strong><em>’Έτι</em></strong></span> <span class='ocrx_word' id='word_1_124' title='bbox 796 1288 857 1324; x_wconf 78' lang='grc' dir='ltr'>με</span> <span class='ocrx_word' id='word_1_125' title='bbox 897 1272 1140 1327; x_wconf 75' lang='grc' dir='ltr'>ἕξεφοβ.]</span> <span class='ocrx_word' id='word_1_126' title='bbox 1190 1273 1268 1326; x_wconf 82' lang='lat' dir='ltr'>Qui</span> <span class='ocrx_word' id='word_1_127' title='bbox 1306 1289 1375 1323; x_wconf 86' lang='lat' dir='ltr'>per</span> <span class='ocrx_word' id='word_1_128' title='bbox 1410 1275 1487 1315; x_wconf 88' lang='lat' dir='ltr'>tale</span> <span class='ocrx_word' id='word_1_129' title='bbox 1525 1289 1663 1314; x_wconf 89' lang='lat' dir='ltr'>numen</span> 
     </span>
     <span class='ocr_line' id='line_1_18' title="bbox 289 1341 1662 1391; baseline 0.001 -12"><span class='ocrx_word' id='word_1_130' title='bbox 289 1344 414 1391; x_wconf 83' lang='lat' dir='ltr'>jurat,</span> <span class='ocrx_word' id='word_1_131' title='bbox 445 1355 467 1379; x_wconf 88' lang='lat' dir='ltr'>a</span> <span class='ocrx_word' id='word_1_132' title='bbox 496 1355 569 1389; x_wconf 90' lang='lat' dir='ltr'>quo</span> <span class='ocrx_word' id='word_1_133' title='bbox 597 1341 775 1379; x_wconf 86' lang='lat' dir='ltr'>vindicari</span> <span class='ocrx_word' id='word_1_134' title='bbox 804 1343 1013 1390; x_wconf 85' lang='lat' dir='ltr'>perjurium</span> <span class='ocrx_word' id='word_1_135' title='bbox 1041 1355 1115 1379; x_wconf 87' lang='lat' dir='ltr'>non</span> <span class='ocrx_word' id='word_1_136' title='bbox 1143 1348 1290 1390; x_wconf 82' lang='lat' dir='ltr'>potest,</span> <span class='ocrx_word' id='word_1_137' title='bbox 1321 1343 1388 1380; x_wconf 91' lang='lat' dir='ltr'>ille</span> <span class='ocrx_word' id='word_1_138' title='bbox 1416 1357 1491 1380; x_wconf 83' lang='lat' dir='ltr'>uon</span> <span class='ocrx_word' id='word_1_139' title='bbox 1517 1345 1662 1381; x_wconf 87' lang='lat' dir='ltr'>verebi-</span> 
     </span>
     <span class='ocr_line' id='line_1_19' title="bbox 289 1409 1662 1459; baseline 0.001 -12"><span class='ocrx_word' id='word_1_140' title='bbox 289 1415 351 1447; x_wconf 78' lang='lat' dir='ltr'>tur</span> <span class='ocrx_word' id='word_1_141' title='bbox 386 1411 595 1458; x_wconf 86' lang='lat' dir='ltr'>perjurium</span> <span class='ocrx_word' id='word_1_142' title='bbox 634 1411 887 1459; x_wconf 74' lang='lat' dir='ltr'>committere,</span> <span class='ocrx_word' id='word_1_143' title='bbox 934 1411 967 1447; x_wconf 90' lang='lat' dir='ltr'>si</span> <span class='ocrx_word' id='word_1_144' title='bbox 1005 1410 1180 1446; x_wconf 87' lang='lat' dir='ltr'>nimirum</span> <span class='ocrx_word' id='word_1_145' title='bbox 1221 1409 1268 1446; x_wconf 89' lang='lat' dir='ltr'>de</span> <span class='ocrx_word' id='word_1_146' title='bbox 1303 1410 1407 1447; x_wconf 86' lang='lat' dir='ltr'>illius</span> <span class='ocrx_word' id='word_1_147' title='bbox 1448 1411 1662 1459; x_wconf 70' lang='lat' dir='ltr'>impotentia</span> 
     </span>
     <span class='ocr_line' id='line_1_20' title="bbox 289 1475 1660 1526; baseline 0 -10"><span class='ocrx_word' id='word_1_148' title='bbox 289 1484 447 1516; x_wconf 90' lang='lat' dir='ltr'>constet.</span> <span class='ocrx_word' id='word_1_149' title='bbox 520 1475 687 1525; x_wconf 90' lang='lat' dir='ltr'>Triepho</span> <span class='ocrx_word' id='word_1_150' title='bbox 739 1484 864 1515; x_wconf 89' lang='lat' dir='ltr'>autem</span> <span class='ocrx_word' id='word_1_151' title='bbox 913 1484 1040 1526; x_wconf 82' lang='lat' dir='ltr'>putat,</span> <span class='ocrx_word' id='word_1_152' title='bbox 1097 1476 1191 1514; x_wconf 85' lang='lat' dir='ltr'>adeo</span> <span class='ocrx_word' id='word_1_153' title='bbox 1241 1484 1413 1514; x_wconf 84' lang='lat' dir='ltr'>constare</span> <span class='ocrx_word' id='word_1_154' title='bbox 1464 1477 1510 1515; x_wconf 88' lang='lat' dir='ltr'>de</span> <span class='ocrx_word' id='word_1_155' title='bbox 1555 1476 1660 1516; x_wconf 84' lang='lat' dir='ltr'>Jovis</span> 
     </span>
     <span class='ocr_line' id='line_1_21' title="bbox 288 1541 1662 1594; baseline 0 -11"><span class='ocrx_word' id='word_1_156' title='bbox 288 1544 446 1583; x_wconf 86' lang='lat' dir='ltr'>aetherii</span> <span class='ocrx_word' id='word_1_157' title='bbox 480 1544 657 1582; x_wconf 83' lang='lat' dir='ltr'>futilitate</span> <span class='ocrx_word' id='word_1_158' title='bbox 687 1541 827 1582; x_wconf 82' lang='lat' dir='ltr'>Critiae</span> <span class='ocrx_word' id='word_1_159' title='bbox 866 1557 962 1593; x_wconf 89' lang='lat' dir='ltr'>suo,</span> <span class='ocrx_word' id='word_1_160' title='bbox 997 1551 1040 1582; x_wconf 90' lang='lat' dir='ltr'>ut</span> <span class='ocrx_word' id='word_1_161' title='bbox 1073 1558 1149 1582; x_wconf 87' lang='lat' dir='ltr'>non</span> <span class='ocrx_word' id='word_1_162' title='bbox 1178 1544 1413 1582; x_wconf 83' lang='lat' dir='ltr'>dubitaturus</span> <span class='ocrx_word' id='word_1_163' title='bbox 1442 1546 1515 1594; x_wconf 89' lang='lat' dir='ltr'>sit,</span> <span class='ocrx_word' id='word_1_164' title='bbox 1554 1546 1662 1584; x_wconf 72' lang='lat' dir='ltr'>illius</span> 
     </span>
     <span class='ocr_line' id='line_1_22' title="bbox 288 1610 1661 1664; baseline 0 -13"><span class='ocrx_word' id='word_1_165' title='bbox 288 1614 490 1651; x_wconf 85' lang='lat' dir='ltr'>stramiueo</span> <span class='ocrx_word' id='word_1_166' title='bbox 518 1613 668 1650; x_wconf 85' lang='lat' dir='ltr'>numine</span> <span class='ocrx_word' id='word_1_167' title='bbox 699 1612 746 1648; x_wconf 87' lang='lat' dir='ltr'>ad</span> <span class='ocrx_word' id='word_1_168' title='bbox 773 1612 979 1660; x_wconf 85' lang='lat' dir='ltr'>perjurium</span> <span class='ocrx_word' id='word_1_169' title='bbox 1008 1612 1123 1649; x_wconf 87' lang='lat' dir='ltr'>abuti.</span> <span class='ocrx_word' id='word_1_170' title='bbox 1188 1610 1341 1664; x_wconf 80' lang='lat' dir='ltr'>Quanto</span> <span class='ocrx_word' id='word_1_171' title='bbox 1370 1623 1494 1649; x_wconf 86' lang='lat' dir='ltr'>autem</span> <span class='ocrx_word' id='word_1_172' title='bbox 1522 1615 1661 1652; x_wconf 82' lang='lat' dir='ltr'>rectius</span> 
     </span>
     <span class='ocr_line' id='line_1_23' title="bbox 288 1677 1662 1728; baseline 0.001 -11"><span class='ocrx_word' id='word_1_173' title='bbox 288 1678 349 1717; x_wconf 87' lang='lat' dir='ltr'>hic</span> <span class='ocrx_word' id='word_1_174' title='bbox 376 1678 538 1728; x_wconf 87' lang='lat' dir='ltr'>Noster,</span> <span class='ocrx_word' id='word_1_175' title='bbox 577 1692 688 1727; x_wconf 88' lang='lat' dir='ltr'>quam</span> <span class='ocrx_word' id='word_1_176' title='bbox 722 1679 880 1728; x_wconf 72' lang='lat' dir='ltr'>Cicero,</span> <span class='ocrx_word' id='word_1_177' title='bbox 919 1681 983 1727; x_wconf 80' lang='lat' dir='ltr'>qui</span> <span class='ocrx_word' id='word_1_178' title='bbox 1022 1686 1198 1726; x_wconf 85' lang='lat' dir='ltr'>tanquam</span> <span class='ocrx_word' id='word_1_179' title='bbox 1236 1692 1258 1716; x_wconf 92' lang='lat' dir='ltr'>e</span> <span class='ocrx_word' id='word_1_180' title='bbox 1287 1677 1438 1716; x_wconf 83' lang='lat' dir='ltr'>Porticu</span> <span class='ocrx_word' id='word_1_181' title='bbox 1474 1693 1571 1718; x_wconf 84' lang='lat' dir='ltr'>unus</span> <span class='ocrx_word' id='word_1_182' title='bbox 1609 1681 1662 1718; x_wconf 80' lang='lat' dir='ltr'>ita</span> 
     </span>
     <span class='ocr_line' id='line_1_24' title="bbox 289 1736 1663 1795; baseline 0.001 -12"><span class='ocrx_word' id='word_1_183' title='bbox 289 1747 477 1795; x_wconf 86' lang='lat' dir='ltr'>disputat,</span> <span class='ocrx_word' id='word_1_184' title='bbox 520 1736 636 1783; x_wconf 73' lang='lat' dir='ltr'>Offie&#39;.</span> <span class='ocrx_word' id='word_1_185' title='bbox 676 1743 759 1793; x_wconf 91' lang='lat' dir='ltr'>III,</span> <span class='ocrx_word' id='word_1_186' title='bbox 797 1749 866 1783; x_wconf 82' lang='lat'>29.</span> <span class='ocrx_word' id='word_1_187' title='bbox 909 1753 950 1783; x_wconf 90' lang='lat' dir='ltr'>ut</span> <span class='ocrx_word' id='word_1_188' title='bbox 988 1747 1026 1783; x_wconf 87' lang='lat' dir='ltr'>iu</span> <span class='ocrx_word' id='word_1_189' title='bbox 1064 1746 1303 1794; x_wconf 85' lang='lat' dir='ltr'>jurejurando</span> <span class='ocrx_word' id='word_1_190' title='bbox 1340 1760 1415 1784; x_wconf 90' lang='lat' dir='ltr'>non</span> <span class='ocrx_word' id='word_1_191' title='bbox 1445 1747 1493 1784; x_wconf 85' lang='lat' dir='ltr'>ad</span> <span class='ocrx_word' id='word_1_192' title='bbox 1520 1753 1663 1785; x_wconf 87' lang='lat' dir='ltr'>metum</span> 
     </span>
     <span class='ocr_line' id='line_1_25' title="bbox 288 1812 1663 1861; baseline 0.001 -10"><span class='ocrx_word' id='word_1_193' title='bbox 288 1812 460 1851; x_wconf 86' lang='lat' dir='ltr'>Deorum</span> <span class='ocrx_word' id='word_1_194' title='bbox 489 1820 553 1850; x_wconf 89' lang='lat' dir='ltr'>aut</span> <span class='ocrx_word' id='word_1_195' title='bbox 579 1814 673 1849; x_wconf 88' lang='lat' dir='ltr'>iram</span> <span class='ocrx_word' id='word_1_196' title='bbox 701 1814 838 1861; x_wconf 88' lang='lat' dir='ltr'>respici</span> <span class='ocrx_word' id='word_1_197' title='bbox 863 1812 1000 1851; x_wconf 86' lang='lat' dir='ltr'>debere</span> <span class='ocrx_word' id='word_1_198' title='bbox 1026 1813 1137 1850; x_wconf 87' lang='lat' dir='ltr'>dicat.</span> <span class='ocrx_word' id='word_1_199' title='bbox 1193 1812 1271 1850; x_wconf 87' lang='lat' dir='ltr'>Sed</span> <span class='ocrx_word' id='word_1_200' title='bbox 1297 1812 1345 1850; x_wconf 81' lang='lat' dir='ltr'>de</span> <span class='ocrx_word' id='word_1_201' title='bbox 1370 1816 1436 1851; x_wconf 78' lang='lat' dir='ltr'>ira</span> <span class='ocrx_word' id='word_1_202' title='bbox 1460 1813 1558 1853; x_wconf 87' lang='lat' dir='ltr'>DEI</span> <span class='ocrx_word' id='word_1_203' title='bbox 1582 1813 1663 1853; x_wconf 89' lang='lat' dir='ltr'>La-</span> 
     </span>
     <span class='ocr_line' id='line_1_26' title="bbox 289 1879 1489 1929; baseline 0.001 -11"><span class='ocrx_word' id='word_1_204' title='bbox 289 1882 446 1918; x_wconf 85' lang='lat' dir='ltr'>ctantius</span> <span class='ocrx_word' id='word_1_205' title='bbox 472 1879 629 1919; x_wconf 84' lang='lat' dir='ltr'>viderit:</span> <span class='ocrx_word' id='word_1_206' title='bbox 674 1892 742 1917; x_wconf 83' lang='lat' dir='ltr'>nos</span> <span class='ocrx_word' id='word_1_207' title='bbox 771 1881 846 1928; x_wconf 81' lang='lat' dir='ltr'>jam</span> <span class='ocrx_word' id='word_1_208' title='bbox 875 1894 951 1918; x_wconf 90' lang='lat' dir='ltr'>non</span> <span class='ocrx_word' id='word_1_209' title='bbox 980 1879 1300 1929; x_wconf 81' lang='lat' dir='ltr'>philosophamur.</span> <span class='ocrx_word' id='word_1_210' title='bbox 1361 1879 1489 1919; x_wconf 76' lang='lat' dir='ltr'>GESN.</span> 
     </span>
    </p>

    <p class='ocr_par' dir='ltr' id='par_1_6' title="bbox 288 1942 1662 2120">
     <span class='ocr_line' id='line_1_27' title="bbox 374 1942 1662 1998; baseline 0.002 -14"><span class='ocrx_word' id='word_1_211' title='bbox 374 1946 453 1985; x_wconf 79' lang='lat' dir='ltr'>ead</span> <span class='ocrx_word' id='word_1_212' title='bbox 476 1947 505 1986; x_wconf 83' lang='lat' dir='ltr'>l.</span> <span class='ocrx_word' id='word_1_213' title='bbox 539 1951 604 1986; x_wconf 84' lang='lat'>11.</span> <span class='ocrx_word' id='word_1_214' title='bbox 637 1942 684 1983; x_wconf 83' lang='grc' dir='ltr'><em>Ἀ</em></span> <span class='ocrx_word' id='word_1_215' title='bbox 691 1961 758 1996; x_wconf 84' lang='grc' dir='ltr'>μυ</span> <span class='ocrx_word' id='word_1_216' title='bbox 774 1943 832 1984; x_wconf 72' lang='grc' dir='ltr'><em>νέ</em></span> <span class='ocrx_word' id='word_1_217' title='bbox 842 1948 1023 1998; x_wconf 79' lang='grc' dir='ltr'>μεναι]</span> <span class='ocrx_word' id='word_1_218' title='bbox 1060 1947 1235 1986; x_wconf 89' lang='lat' dir='ltr'>Verbum</span> <span class='ocrx_word' id='word_1_219' title='bbox 1272 1946 1475 1986; x_wconf 82' lang='lat' dir='ltr'>Homerice</span> <span class='ocrx_word' id='word_1_220' title='bbox 1514 1954 1662 1997; x_wconf 82' lang='lat' dir='ltr'>praeter</span> 
     </span>
     <span class='ocr_line' id='line_1_28' title="bbox 288 2011 1661 2064; baseline 0.001 -11"><span class='ocrx_word' id='word_1_221' title='bbox 288 2016 470 2053; x_wconf 89' lang='lat' dir='ltr'>rationem</span> <span class='ocrx_word' id='word_1_222' title='bbox 509 2028 552 2053; x_wconf 86' lang='lat' dir='ltr'>ac</span> <span class='ocrx_word' id='word_1_223' title='bbox 585 2015 847 2052; x_wconf 82' lang='lat' dir='ltr'>necessitatem</span> <span class='ocrx_word' id='word_1_224' title='bbox 880 2014 1086 2063; x_wconf 84' lang='lat' dir='ltr'>inflexmn,</span> <span class='ocrx_word' id='word_1_225' title='bbox 1125 2021 1167 2053; x_wconf 88' lang='lat' dir='ltr'>ut</span> <span class='ocrx_word' id='word_1_226' title='bbox 1202 2020 1288 2053; x_wconf 86' lang='lat' dir='ltr'>ante</span> <span class='ocrx_word' id='word_1_227' title='bbox 1325 2011 1553 2064; x_wconf 77' lang='grc' dir='ltr'><em>ἄμπνευσον</em></span> <span class='ocrx_word' id='word_1_228' title='bbox 1590 2023 1661 2056; x_wconf 87' lang='lat' dir='ltr'>etc.</span> 
     </span>
     <span class='ocr_line' id='line_1_29' title="bbox 290 2080 419 2120; baseline -0.008 0"><span class='ocrx_word' id='word_1_229' title='bbox 290 2080 419 2120; x_wconf 65' lang='lat' dir='ltr'>stx.</span> 
     </span>
    </p>

    <p class='ocr_par' dir='ltr' id='par_1_7' title="bbox 289 2141 1663 2322">
     <span class='ocr_line' id='line_1_30' title="bbox 372 2141 1663 2195; baseline 0.001 -8"><span class='ocrx_word' id='word_1_230' title='bbox 372 2146 460 2187; x_wconf 79' lang='lat' dir='ltr'>ead.</span> <span class='ocrx_word' id='word_1_231' title='bbox 490 2148 519 2186; x_wconf 81' lang='lat' dir='ltr'>l.</span> <span class='ocrx_word' id='word_1_232' title='bbox 552 2150 619 2187; x_wconf 85' lang='lat'>14.</span> <span class='ocrx_word' id='word_1_233' title='bbox 654 2144 818 2195; x_wconf 67' lang='grc' dir='ltr'>Θεοὺζ</span> <span class='ocrx_word' id='word_1_234' title='bbox 843 2141 1067 2194; x_wconf 68' lang='grc' dir='ltr'><strong><em>πάντας]</em></strong></span> <span class='ocrx_word' id='word_1_235' title='bbox 1100 2146 1211 2188; x_wconf 85' lang='lat' dir='ltr'>Unde</span> <span class='ocrx_word' id='word_1_236' title='bbox 1238 2148 1310 2187; x_wconf 89' lang='lat' dir='ltr'>hoc</span> <span class='ocrx_word' id='word_1_237' title='bbox 1337 2148 1409 2187; x_wconf 76' lang='lat' dir='ltr'>fit?</span> <span class='ocrx_word' id='word_1_238' title='bbox 1447 2147 1663 2188; x_wconf 87' lang='lat' dir='ltr'>Vulcanum</span> 
     </span>
     <span class='ocr_line' id='line_1_31' title="bbox 289 2215 1659 2265; baseline 0.001 -10"><span class='ocrx_word' id='word_1_239' title='bbox 289 2217 390 2255; x_wconf 88' lang='lat' dir='ltr'>enim</span> <span class='ocrx_word' id='word_1_240' title='bbox 424 2215 548 2253; x_wconf 86' lang='lat' dir='ltr'>solum</span> <span class='ocrx_word' id='word_1_241' title='bbox 583 2216 624 2253; x_wconf 88' lang='lat' dir='ltr'>in</span> <span class='ocrx_word' id='word_1_242' title='bbox 659 2221 797 2253; x_wconf 87' lang='lat' dir='ltr'>terram</span> <span class='ocrx_word' id='word_1_243' title='bbox 833 2216 1117 2265; x_wconf 87' lang='lat' dir='ltr'>praecipitatum</span> <span class='ocrx_word' id='word_1_244' title='bbox 1153 2218 1272 2256; x_wconf 88' lang='lat' dir='ltr'>fuisse</span> <span class='ocrx_word' id='word_1_245' title='bbox 1300 2215 1500 2255; x_wconf 79' lang='lat' dir='ltr'>Homerus</span> <span class='ocrx_word' id='word_1_246' title='bbox 1534 2216 1659 2256; x_wconf 78' lang='lat' dir='ltr'>tradit.</span> 
     </span>
     <span class='ocr_line' id='line_1_32' title="bbox 291 2281 665 2322; baseline -0.005 0"><span class='ocrx_word' id='word_1_247' title='bbox 291 2281 454 2322; x_wconf 63' lang='lat' dir='ltr'>Gon-r.</span> <span class='ocrx_word' id='word_1_248' title='bbox 658 2303 665 2308; x_wconf 37' lang='grc' dir='ltr'><em>α</em></span> 
     </span>
    </p>

    <p class='ocr_par' dir='ltr' id='par_1_8' title="bbox 288 2345 1660 2590">
     <span class='ocr_line' id='line_1_33' title="bbox 373 2345 1659 2400; baseline 0.001 -11"><span class='ocrx_word' id='word_1_249' title='bbox 373 2348 461 2389; x_wconf 81' lang='lat' dir='ltr'>ead.</span> <span class='ocrx_word' id='word_1_250' title='bbox 482 2348 510 2387; x_wconf 85' lang='lat' dir='ltr'>l.</span> <span class='ocrx_word' id='word_1_251' title='bbox 538 2349 605 2388; x_wconf 85' lang='lat'>15.</span> <span class='ocrx_word' id='word_1_252' title='bbox 638 2345 932 2388; x_wconf 78' lang='grc' dir='ltr'><em>Θεσπεσίου</em></span> <span class='ocrx_word' id='word_1_253' title='bbox 963 2350 1154 2400; x_wconf 74' lang='grc' dir='ltr'>βηλοῦ]</span> <span class='ocrx_word' id='word_1_254' title='bbox 1185 2349 1308 2389; x_wconf 69' lang='lat' dir='ltr'>Hom„</span> <span class='ocrx_word' id='word_1_255' title='bbox 1337 2349 1451 2390; x_wconf 84' lang='lat' dir='ltr'>Iliad.</span> <span class='ocrx_word' id='word_1_256' title='bbox 1470 2349 1531 2400; x_wconf 90' lang='lat' dir='ltr'>A,</span> <span class='ocrx_word' id='word_1_257' title='bbox 1563 2351 1659 2390; x_wconf 83' lang='lat'><strong>591.</strong></span> 
     </span>
     <span class='ocr_line' id='line_1_34' title="bbox 289 2413 1660 2466; baseline -0.001 -10"><span class='ocrx_word' id='word_1_258' title='bbox 289 2423 327 2456; x_wconf 77' lang='lat' dir='ltr'>et</span> <span class='ocrx_word' id='word_1_259' title='bbox 352 2415 398 2466; x_wconf 89' lang='lat' dir='ltr'>O,</span> <span class='ocrx_word' id='word_1_260' title='bbox 431 2422 497 2455; x_wconf 81' lang='lat'>23.</span> <span class='ocrx_word' id='word_1_261' title='bbox 529 2413 680 2453; x_wconf 60' lang='lat' dir='ltr'>somn.</span> <span class='ocrx_word' id='word_1_262' title='bbox 720 2413 877 2454; x_wconf 82' lang='lat' dir='ltr'>Caetera</span> <span class='ocrx_word' id='word_1_263' title='bbox 894 2415 1053 2456; x_wconf 87' lang='lat' dir='ltr'>Homeri</span> <span class='ocrx_word' id='word_1_264' title='bbox 1078 2417 1177 2461; x_wconf 78' lang='lat' dir='ltr'>idem</span> <span class='ocrx_word' id='word_1_265' title='bbox 1199 2415 1361 2456; x_wconf 84' lang='lat' dir='ltr'>Solanus</span> <span class='ocrx_word' id='word_1_266' title='bbox 1383 2419 1520 2466; x_wconf 86' lang='lat' dir='ltr'>ubique</span> <span class='ocrx_word' id='word_1_267' title='bbox 1543 2418 1660 2456; x_wconf 83' lang='lat' dir='ltr'>addu-</span> 
     </span>
     <span class='ocr_line' id='line_1_35' title="bbox 288 2482 1656 2536; baseline 0 -14"><span class='ocrx_word' id='word_1_268' title='bbox 288 2491 421 2534; x_wconf 83' lang='lat' dir='ltr'>xerat,</span> <span class='ocrx_word' id='word_1_269' title='bbox 464 2497 560 2533; x_wconf 85' lang='lat' dir='ltr'>quae</span> <span class='ocrx_word' id='word_1_270' title='bbox 597 2489 635 2521; x_wconf 86' lang='lat' dir='ltr'>et</span> <span class='ocrx_word' id='word_1_271' title='bbox 666 2482 782 2522; x_wconf 54' lang='grc' dir='ltr'><strong>(ἤδη.</strong></span> <span class='ocrx_word' id='word_1_272' title='bbox 841 2483 971 2536; x_wconf 71' lang='lat' dir='ltr'>Quare</span> <span class='ocrx_word' id='word_1_273' title='bbox 1006 2498 1051 2523; x_wconf 89' lang='lat' dir='ltr'>ea</span> <span class='ocrx_word' id='word_1_274' title='bbox 1089 2483 1223 2522; x_wconf 82' lang='lat' dir='ltr'>deiude</span> <span class='ocrx_word' id='word_1_275' title='bbox 1260 2499 1334 2522; x_wconf 86' lang='lat' dir='ltr'>non</span> <span class='ocrx_word' id='word_1_276' title='bbox 1373 2485 1431 2523; x_wconf 83' lang='lat' dir='ltr'>bis</span> <span class='ocrx_word' id='word_1_277' title='bbox 1464 2484 1656 2523; x_wconf 86' lang='lat' dir='ltr'>addemus.</span> 
     </span>
     <span class='ocr_line' id='line_1_36' title="bbox 288 2549 432 2590; baseline 0 -1"><span class='ocrx_word' id='word_1_278' title='bbox 288 2549 432 2590; x_wconf 73' lang='lat' dir='ltr'>Rmrz.</span> 
     </span>
    </p>

    <p class='ocr_par' dir='ltr' id='par_1_9' title="bbox 371 2614 1653 2670">
     <span class='ocr_line' id='line_1_37' title="bbox 371 2614 1653 2670; baseline 0.002 -15"><span class='ocrx_word' id='word_1_279' title='bbox 371 2615 467 2656; x_wconf 72' lang='lat' dir='ltr'>ibid.</span> <span class='ocrx_word' id='word_1_280' title='bbox 497 2616 699 2668; x_wconf 79' lang='grc' dir='ltr'>Βηλοῦ]</span> <span class='ocrx_word' id='word_1_281' title='bbox 730 2615 832 2669; x_wconf 81' lang='lat' dir='ltr'>Quid</span> <span class='ocrx_word' id='word_1_282' title='bbox 861 2619 911 2655; x_wconf 85' lang='lat' dir='ltr'>sit</span> <span class='ocrx_word' id='word_1_283' title='bbox 935 2614 1084 2670; x_wconf 75' lang='grc' dir='ltr'><em>βηλός,</em></span> <span class='ocrx_word' id='word_1_284' title='bbox 1113 2632 1197 2657; x_wconf 90' lang='lat' dir='ltr'>cum</span> <span class='ocrx_word' id='word_1_285' title='bbox 1224 2618 1270 2657; x_wconf 88' lang='lat' dir='ltr'>de</span> <span class='ocrx_word' id='word_1_286' title='bbox 1299 2618 1405 2657; x_wconf 81' lang='lat' dir='ltr'>caelo</span> <span class='ocrx_word' id='word_1_287' title='bbox 1430 2630 1554 2656; x_wconf 82' lang='lat' dir='ltr'>sermo</span> <span class='ocrx_word' id='word_1_288' title='bbox 1583 2624 1653 2667; x_wconf 85' lang='lat' dir='ltr'>est,</span> 
     </span>
    </p>
   </div>
  </div>
 </body>
</html>
