1768 3125
261 152 336 181 IN
393 147 1218 182 nsEUDOSOPl-IIS'PAM.
1332 136 1425 179 535

47 271 152 309 cula:
183 285 250 319 pro
277 271 429 308 vasculo
459 277 584 308 autem
613 266 744 321 φακὸν
772 268 971 306 dicendum
999 270 1038 306 in
1066 283 1223 306 numero
1258 269 1426 309 unitatis.

47 339 110 377 Illi
142 345 242 377 certe
281 346 472 385 auctores,
514 350 607 386 quos
636 334 864 374 Athenaeus
902 336 1074 385 adducit,
1116 336 1228 374 modo
1270 334 1428 389 φακοὺς

47 408 160 445 modo
191 402 325 458 ([ακὴν
355 406 481 444 dicunt
509 420 577 453 pro
605 405 810 453 legumine.
870 401 1076 442 Lucianus
1106 417 1254 453 quoque
1284 405 1323 441 in
1357 402 1428 441 Sa-

48 481 147 511 turn.
177 472 385 523 Epistolis‚
424 468 449 524 ἡ
482 469 591 525 φακὴ
628 470 671 510 δὲ
700 467 794 522 ὑμῖν
823 470 1027 524 σαπέρδην
1058 466 1294 521 ἐντετηκότα
1336 468 1426 517 ἕξει.

47 540 97 578 Et
126 543 164 578 in
192 539 367 580 Hermot.
398 539 463 579 καὶ
495 538 531 578 οἱ
566 539 687 593 φακοὶ
719 537 909 585 altana}-
975 537 1287 588 Theophrastus,
1328 538 1429 577 Dio-

46 608 239 655 scorides,
270 609 421 647 Paulus
449 609 649 657 Aegineia
679 610 790 646 etiam
821 608 868 645 de
897 608 1090 657 leg-umine
1120 604 1250 659 φακὸν
1287 607 1429 656 dicunt,

47 676 147 725 quod
175 676 236 714 hic
266 678 452 725 improbat
476 676 692 715 Lucianus.
724 675 884 713 GRAEV.
944 673 1034 712 Scio
1064 689 1160 724 ego,
1197 671 1328 727 φακὸν
1353 688 1429 712 non

46 758 131 782 esse
168 744 418 793 lentiginem5
461 751 498 782 et
539 745 684 782 discere
734 752 904 792 poteram
954 742 1267 791 significationem
1315 741 1430 791 hujus

45 813 205 850 nominis
234 825 283 849 ex
313 814 548 850 annotatione
581 812 752 849 Graevii.
813 809 892 848 Sed
921 811 1092 848 volebam
1120 811 1160 847 in
1190 811 1306 848 simili
1338 824 1430 849 voce

45 881 210 917 similem
248 880 512 916 soloecismum
551 878 656 917 dare.
715 876 886 927 Lentigo
923 878 1023 915 enim
1061 878 1184 915 vicina
1229 876 1327 915 lenti
1366 877 1430 916 vel

44 947 249 985 lenticulae
277 961 351 983 non
380 948 528 996 minus,
558 960 670 995 quam
699 947 810 999 φακῇ
840 953 898 984 est
926 939 1069 997 φακός.
1113 942 1244 983 GEsN.
1296 945 1428 995 Φακῆ,

44 1028 120 1052 non
164 1011 299 1067 ([ακὴ,
340 1022 440 1052 recte
476 1016 663 1053 scribitur.
723 1013 818 1052 Vid.
863 1027 976 1061 supra
1015 1011 1140 1061 Epist.
1170 1011 1253 1051 Sat.
1293 1026 1327 1051 c.
1358 1017 1429 1052 23.

46 1080 165 1121 Varr.
206 1081 332 1119 Lectt.
371 1083 595 1129 omninoque
636 1096 748 1130 quam
783 1082 862 1119 illic
900 1094 1152 1119 commemoro
1196 1085 1323 1118 notam
1360 1094 1430 1119 no-

48 1157 164 1189 stram
194 1150 241 1186 ad
270 1147 400 1187 Schol.
432 1150 588 1187 lcarom.
620 1163 652 1187 c.
687 1154 752 1188 18.
810 1147 953 1187 LEuM.

130 1216 218 1255 ead.
249 1217 276 1254 I.
309 1222 347 1255 8.
398 1213 535 1262 Τοὺς
563 1215 919 1266 βελτίστους]
962 1215 1015 1254 Ut
1046 1216 1191 1265 aliquid
1213 1214 1428 1265 significent

45 1284 138 1323 haec
177 1286 314 1329 verba,
353 1285 570 1333 intelligere
607 1285 735 1322 licebit
765 1284 1040 1331 soloecismos,
1084 1284 1132 1322 de
1170 1285 1306 1333 quibus
1347 1290 1427 1321 tan-

47 1367 158 1401 quam
197 1353 244 1390 de
283 1355 453 1401 personis
491 1354 671 1401 loquitur.
733 1349 810 1388 Cur
863 1358 987 1389 autem
1025 1346 1145 1397 ὅλους
1183 1350 1305 1400 dicat,
1353 1364 1431 1388 non

46 1421 331 1469 comminiscor3
370 1422 442 1457 nisi
479 1421 576 1458 forte
612 1427 690 1457 toto
724 1418 795 1456 hoc
824 1418 955 1456 libello
984 1417 1274 1467 Antisophistae
1304 1420 1429 1467 cujus-

47 1487 133 1525 dam
162 1488 299 1525 librum
329 1502 362 1526 s.
393 1489 601 1526 orationem
628 1486 893 1537 exagitandam
919 1487 993 1524 sibi
1021 1488 1179 1533 sumsit,
1215 1492 1252 1524 et
1281 1484 1343 1523 hic
1371 1487 1430 1523 in-

48 1556 169 1603 dicat,
208 1570 249 1593 se
292 1556 439 1604 reliqua
478 1570 553 1593 non
590 1558 667 1603 jam
705 1555 774 1592 sub
812 1552 979 1592 Socratis
1019 1567 1208 1603 persona,
1249 1553 1319 1592 sed
1360 1553 1429 1591 sub

46 1625 165 1672 priori
205 1622 394 1661 schemate
436 1625 531 1660 risui
561 1624 834 1671 expositurum.
895 1621 1026 1661 GEsN.

132 1690 222 1730 ead.
253 1691 281 1728 l.
315 1696 382 1730 13.
416 1685 472 1727 ‘H
507 1688 604 1743 γὰρ
651 1684 795 1740 θύρα
843 1685 1038 1739 σχεδὸν
1082 1684 1281 1742 ἀνέῳγέ
1318 1678 1427 1735 σοι]

39 1755 205 1811 Ἀνέῳγέ
243 1759 341 1796 male
383 1759 520 1795 dicitur
570 1772 638 1806 pro
682 1753 890 1809 ἀνέῳκται.
950 1755 1163 1807 Phryniclz.
1196 1753 1360 1810 Ἀνέῳγε
1401 1750 1427 1807 ἦ

46 1821 172 1879 θύρα,
203 1822 472 1876 σολοικισμὸς,
499 1822 579 1877 χρὴ
614 1821 691 1877 γὰρ
723 1821 844 1876 λέγειν
875 1820 1087 1877 ἀνέῳκται.
1147 1822 1287 1862 Contra
1304 1830 1429 1862 tamen

47 1894 119 1932 hoc
158 1901 399 1943 praeceptum
440 1890 587 1946 ἀνέῳγε
627 1894 776 1942 passive
807 1898 1013 1940 posuermit
1047 1890 1314 1930 Herodianus
1349 1889 1427 1929 IV.

49 1960 237 2007 Πυλίόας
266 1958 355 2011 ἕχον
386 1959 452 1998 καὶ
481 1957 618 2012 θύρας
647 1957 877 2012 ἄνεῳγυιάς.
918 1957 1122 1996 Luciamts
1152 1957 1239 2012 περὶ
1258 1958 1299 1996 Γ
1294 1972 1428 2007 υμνα-

49 2028 169 2078 σίων,
210 2027 276 2066 καὶ
316 2023 507 2080 ἀνεῳγόσι
551 2031 635 2072 τοῖς
674 2022 858 2076 σώμασιν
899 2021 1187 2073 ἐμπιπτόντων.
1246 2025 1355 2064 Idem
1388 2027 1429 2064 iu

49 2095 188 2135 Votis:
220 2091 268 2146 ἦν
299 2109 383 2141 πως
413 2092 632 2147 ἀνεῳγυῖαν
661 2090 718 2132 ἔτι
747 2090 820 2143 τὴν
844 2088 1099 2146 πάλαιστραν
1117 2088 1427 2144 καταλάβωμεν.

49 2162 252 2203 Plutarch.
283 2165 323 2201 in
346 2165 423 2201 vita
453 2160 615 2212 Pyrrhi:
658 2159 773 2214 Τῷόε
803 2156 959 2213 Πύρρῳ
991 2157 1143 2207 πολλὰς
1172 2156 1292 2207 ὁδοὺς
1336 2159 1428 2199 ἆνε-

51 2229 225 2286 ῳγμέναι
266 2228 365 2281 πρὸς
403 2224 599 2268 θάνατον.
658 2226 723 2266 Sic
769 2230 807 2266 in
845 2229 922 2266 vita
962 2227 1102 2266 Marcii
1144 2227 1354 2279 Coriolani3
1391 2235 1429 2268 et

50 2302 251 2339 sozomen.
280 2297 336 2337 V.
366 2297 515 2336 Histor.
545 2296 765 2335 Ecclesiast,
802 2292 839 2335 οἶ
867 2294 957 2334 ναοὶ
987 2292 1223 2350 ἀνεῴγεσαν.
1266 2294 1426 2345 Josepk.

50 2371 90 2408 in
118 2366 190 2406 IH.
223 2365 449 2415 Originum:
493 2362 631 2403 Εἴκοσι
671 2362 743 2414 μὲν
779 2358 916 2414 πήχεις
944 2359 1179 2418 ξᾶνεῴγεσαν
1218 2361 1322 2402 κατὰ
1351 2357 1429 2401 πύ-

53 2437 140 2482 λας.
199 2432 413 2483 Apostolus
454 2432 486 2471 I.
522 2431 578 2470 ad
607 2431 779 2471 Corinth.
813 2436 880 2471 16.
911 2427 1024 2483 θύρα
1051 2427 1129 2484 γάρ
1170 2446 1239 2482 μοι
1283 2428 1429 2484 ἀνέῳγε

52 2498 219 2555 μεγάλη.
278 2500 433 2539 Passive
461 2508 585 2538 tamen
614 2500 711 2538 dixit
738 2500 941 2539 Lucifmus
979 2502 1018 2538 in
1048 2493 1190 2548 Gallo,
1234 2495 1428 2551 ἀνέῳκται

55 2566 156 2620 αὕτη
186 2565 280 2620 ἡμῖν
306 2564 331 2620 ἡ
360 2563 487 2621 θύρα.
552 2567 721 2607 Thomas
751 2568 953 2617 Magister
981 2567 1041 2605 hic
1058 2567 1230 2605 dissentit
1255 2580 1277 2604 a
1300 2564 1429 2616 Phry-

55 2636 159 2677 m'clm
182 2633 345 2692 Ἀνέῳγε
375 2634 438 2675 ἐπὶ
466 2633 540 2686 μὲν
568 2636 841 2689 παρατατικοῦ
871 2631 960 2675 ἀντὶ
987 2635 1060 2675 τοῦ
1099 2629 1267 2686 ἤνωγεν.
1317 2629 1429 2686 Ἀρι-
