1740 3095
265 158 363 202 654*
648 169 718 200 DE.
753 168 958 201 AETATE
997 170 1064 201 Er
1098 170 1336 204 AUCTORE

265 291 372 331 fundi
399 291 450 329 ait
477 287 652 330 Judaicos
680 291 776 327 ritus
811 303 896 327 cum
925 286 1222 329 Christianorum
1259 292 1360 341 lege.
1418 289 1497 330 Sed
1533 292 1630 331 sorte

262 359 556 409 idolothytorum
594 371 705 405 esus,
746 363 784 394 et
822 356 992 395 suffocati
1033 372 1076 395 ac
1115 361 1302 408 sanguinis
1342 359 1388 396 ab
1423 357 1626 407 Apostolis

264 429 377 466 etiam
401 425 633 475 prohibitus,
665 425 811 461 obverti
839 423 925 461 huic
954 424 1234 472 reprehensioni
1262 427 1395 474 possit.

349 492 450 532 XX.
479 491 591 530 Juvat
619 490 680 528 hic
709 492 747 527 in
776 492 930 528 brevem
960 505 1141 530 summam
1163 493 1341 542 colligere
1370 493 1507 543 omnia,
1534 506 1630 541 quae

263 563 310 600 de
339 560 563 598 Christianis
592 558 704 595 tradit
731 556 951 607 Lucianus,
990 559 1207 606 (tradidisse
1236 567 1388 609 autem,
1425 574 1519 608 quae
1557 562 1634 599 sci-

263 637 323 667 ret
352 628 500 676 omuia,
530 626 724 674 probabile
753 626 888 663 saltem
916 639 1029 675 supra
1056 628 1218 665 reddere
1245 634 1398 666 conatus
1420 630 1522 674 sum)
1551 634 1632 665 tum

265 696 440 735 similiter
479 694 585 742 quasi
614 694 653 730 in
682 692 846 730 tabulam
877 694 1059 741 quandam
1089 698 1257 744 conjecta
1284 709 1368 732 cum
1395 694 1454 732 his
1483 708 1632 743 compa-

263 777 370 812 rare,
426 775 521 810 quae
562 762 602 797 in
640 758 895 807 Philopatride
934 761 981 799 de
1020 762 1155 800 iisdem
1197 762 1381 801 dicuutur.
1438 761 1633 800 Lucianus

264 833 315 868 ita
336 829 571 868 Christianos
594 827 770 865 describit
794 828 823 866 l.
856 842 888 865 c.
947 828 1045 867 Sunt
1081 828 1276 878 homines,
1307 832 1371 878 qui
1409 843 1633 879 suspensum

264 901 303 936 in
331 897 542 935 Palaestina
572 894 773 943 hominem,
800 909 982 933 novorum
1007 903 1197 934 auctorem
1218 899 1499 946 mysteriorum,
1527 911 1634 946 spre-

264 967 313 1003 tis
343 965 513 1002 omuibus
545 961 775 1001 Graecorum
799 961 915 1012 Diis,
943 964 1069 1000 coltmt
1098 970 1134 1000 et
1164 963 1317 1002 adorant
1330 994 1342 1013 ,
1376 966 1635 1003 immortalita-

263 1040 341 1070 tem
384 1038 623 1080 exspectaut,
663 1037 772 1078 atque
810 1037 1006 1077 propterea
1045 1032 1212 1078 corporis
1253 1033 1455 1080 cruciatus,
1495 1033 1634 1080 ipsam-

265 1114 338 1148 que
368 1099 461 1136 adeo
489 1105 671 1145 mortem,
702 1097 829 1134 subire
857 1110 930 1133 non
960 1104 1156 1146 recusant,
1193 1104 1236 1135 ut
1272 1100 1397 1146 potius
1425 1100 1523 1136 ultro
1551 1113 1634 1137 eam

265 1168 478 1215 deposcant.
538 1164 737 1202 Praeterea
764 1177 832 1211 pro
861 1164 1037 1201 fratribus
1066 1165 1239 1212 invicem,
1270 1167 1324 1203 sic
1343 1167 1495 1213 jubente
1514 1168 1635 1215 primo

265 1235 419 1272 illorum
447 1233 687 1282 legislatore,
721 1245 762 1268 se
791 1230 953 1280 habent,
989 1232 1085 1268 bona
1113 1232 1282 1270 fortunae
1312 1235 1435 1271 omnia
1460 1240 1635 1283 tanquam

263 1303 353 1341 vilia
381 1308 420 1339 et
459 1313 554 1338 vana
592 1305 855 1347 contemnunt,
894 1300 1126 1348 benigneque
1177 1301 1224 1337 iis
1263 1301 1502 1351 impertiunt,
1539 1314 1635 1350 quos

263 1376 416 1418 propter
444 1368 746 1416 superstitionem
775 1379 882 1404 suam
910 1367 1037 1405 vident
1063 1374 1125 1404 aut
1153 1367 1259 1405 bonis
1294 1369 1533 1418 exturbatos,
1571 1375 1636 1406 aut

265 1438 358 1475 alias
404 1436 502 1473 male
540 1448 561 1471 a
596 1434 878 1482 magistratibus
915 1442 1098 1482 acceptos.
1158 1433 1295 1473 Sacros
1330 1437 1448 1474 libros
1483 1435 1635 1485 habent,

264 1518 358 1555 quos
397 1505 437 1541 in
476 1502 739 1540 conventiculis
777 1502 854 1539 suis
893 1502 1040 1551 legunt:
1079 1503 1113 1541 si
1151 1505 1233 1551 quis
1269 1509 1394 1541 autem
1435 1503 1635 1553 doctiores,

266 1575 380 1611 etiam
408 1573 709 1618 interpretantur·
769 1567 813 1605 Si
842 1583 954 1616 quem
975 1569 1125 1607 videant
1154 1571 1260 1619 leges
1289 1584 1378 1608 suas
1399 1572 1636 1620 migrantem,

265 1654 351 1678 eum
381 1653 403 1676 a
431 1638 687 1676 communione
717 1643 754 1673 et
780 1636 944 1673 coetibus
974 1644 1098 1674 arcent
1127 1644 1237 1686 atque
1266 1638 1483 1676 excludunt.
1529 1637 1637 1678 Haec

263 1707 470 1746 Lucianus.
510 1703 725 1742 Audiamus
750 1711 938 1740 auctorem
960 1703 1227 1752 Philopatridis
1242 1707 1295 1753 ει).
1327 1704 1527 1744 Christiani
1556 1719 1637 1744 cre-

266 1775 357 1812 dunt
374 1776 412 1810 in
428 1772 554 1809 Deum
572 1785 701 1819 unum,
722 1772 785 1818 qui
801 1770 945 1807 caelum
964 1777 999 1808 et
1014 1777 1153 1808 terram
1169 1774 1306 1810 creavit
1322 1780 1360 1811 et
1378 1775 1515 1822 omnia,
1531 1788 1637 1811 eum-

266 1856 338 1892 que
369 1840 517 1878 Patrem
545 1852 736 1887 magnum,
767 1838 1038 1885 immortalem,
1078 1839 1300 1887 caelestem,
1329 1839 1473 1878 Filium
1501 1843 1635 1891 patris,

271 1908 457 1958 Spiritum
478 1921 525 1945 ex
542 1905 653 1943 Patre
673 1904 951 1953 procedentem,
981 1919 1096 1942 unum
1117 1920 1166 1943 ex
1188 1907 1306 1943 tribus
1322 1913 1423 1944 etex
1442 1921 1516 1944 uno
1544 1914 1637 1945 tres.

267 1976 343 2014 Ilic
356 1975 477 2023 Deus,
508 1987 601 2022 quae
624 1979 679 2010 est
708 1973 776 2010 lux
803 1973 1105 2020 incorruptibilis,
1126 1973 1336 2023 invisibilis,
1355 1972 1638 2022 incomprehen-

264 2045 399 2092 sibilis,
436 2042 587 2089 creavit,
616 2042 675 2088 (ut
699 2040 906 2078 didicerunt
928 2053 949 2077 a
973 2038 1086 2077 Mose
1105 2040 1339 2089 tardilingui)
1361 2054 1443 2078 cum
1465 2042 1542 2078 alta
1560 2055 1638 2080 nox

266 2112 405 2160 abysso
446 2109 659 2156 incubaret,
700 2107 846 2156 lucem,
884 2121 979 2156 quae
1017 2107 1189 2145 tenebras
1230 2114 1267 2144 et
1290 2109 1502 2145 vastitatem
1529 2109 1638 2146 illam

270 2191 417 2216 omnem
446 2177 586 2224 abegit:
616 2181 696 2211 tum
725 2181 864 2211 terram
888 2188 1001 2222 super
1029 2176 1136 2222 aquis
1166 2175 1366 2224 stabilivit,
1395 2176 1541 2214 caelmn
1570 2189 1638 2215 ex-

268 2245 422 2294 pandit,
449 2243 578 2281 stellas
607 2243 801 2290 formavit,
835 2255 967 2279 cursus
995 2255 1125 2279 earum
1153 2241 1361 2290 disposuitt
1398 2250 1537 2281 terram
1576 2257 1639 2281 or·-

271 2314 373 2350 navit
400 2311 576 2358 floribus3
602 2308 866 2357 hominemque
896 2323 944 2347 ex
972 2310 1041 2356 iis,
1073 2321 1167 2357 quae
1196 2323 1271 2346 non
1295 2317 1440 2358 essent,
1470 2316 1511 2348 ut
1539 2316 1640 2348 esset

271 2379 439 2428 aliquid,
468 2376 667 2426 produxit:
708 2378 861 2424 jamque
889 2376 935 2414 de
964 2376 1067 2413 caelo
1096 2377 1260 2414 intuetur
1288 2377 1480 2426 singulos,
1507 2378 1636 2425 bonos,

273 2447 420 2492 malos,
456 2446 693 2490 actionesque
728 2443 880 2480 illorum
919 2445 956 2480 iu
994 2444 1101 2480 libris
1136 2443 1338 2493 describit,
1381 2458 1422 2481 ac
1458 2445 1639 2482 retribuet

274 2527 324 2551 ex
351 2515 450 2561 justo
476 2511 649 2560 singulis,
678 2522 750 2558 qua
778 2510 837 2547 die
865 2510 946 2558 ipse
974 2511 1176 2548 constituit.
1215 2509 1414 2549 Praeterea
1440 2524 1508 2560 per
1522 2523 1638 2559 aquas

274 2594 360 2621 sese
388 2579 582 2628 renovari,
611 2584 722 2627 atque
751 2591 800 2618 ex
828 2578 1028 2628 impiorum
1056 2583 1163 2617 coctu
1190 2579 1229 2618 in
1254 2579 1446 2618 beatorum
1478 2578 1636 2627 vestigia

319 2657 354 2698 a)
379 2658 461 2702 cap.
485 2659 539 2692 ιε.
565 2656 618 2691 13.
651 2657 705 2690 Π.
