1740 3095
313 168 409 211 412
651 175 1415 214 ADNoanloNEs

313 317 351 341 v.
385 304 507 341 1114.
564 300 624 339 Ibi
652 304 685 340 is
714 302 839 352 docet,
871 308 972 340 recte
1004 303 1268 340 camerarium
1297 317 1345 341 ex
1372 304 1441 341 illo
1471 302 1680 352 Aristoph.

312 371 396 408 loco
437 371 659 418 observare,
702 376 905 408 statuarum
946 371 1125 418 capitibus
1165 370 1262 418 apud
1297 377 1386 408 vett.
1417 371 1566 407 lunulas
1596 371 1682 408 addi

313 439 443 476 solitas
479 438 618 486 fuisse,
657 451 704 474 ne
733 439 858 474 avium
887 444 1051 475 stercore
1080 438 1375 485 inquinarentur.
1434 436 1512 475 Sed
1541 439 1680 475 refutat

311 505 472 542 eundem
513 506 748 553 opinantem,
788 504 874 542 inde
905 503 1127 542 Christianis
1166 519 1335 542 manasse
1363 519 1506 542 morem
1535 512 1681 542 sanctos

311 586 401 612 snos
432 586 516 609 cum
545 572 731 619 ejusmodi
760 573 911 609 orbibus
940 574 979 609 in
1008 574 1127 620 capite
1156 572 1355 621 pingendi,
1404 586 1487 609 cum
1514 580 1551 609 et
1579 580 1682 609 vete·
1736 609 1737 632 ἱ

309 654 394 677 rum
425 639 595 676 Deorum
621 639 862 688 Dearumque
890 641 1072 688 imagines
1102 639 1201 687 apud
1228 645 1317 676 vett.
1347 637 1512 676 Graecos
1541 640 1682 676 circulo

308 708 450 745 radiato
478 707 632 744 honoris
660 708 780 756 gratia
809 708 932 744 ornari
961 707 1150 755 solerent,
1181 712 1221 743 ut
1249 720 1298 744 ex
1321 705 1394 743 hoc
1414 705 1584 743 Luciam,
1607 720 1681 743 non
1736 692 1740 702 ¹

307 775 420 813 modo
451 781 619 823 pateret,
662 773 732 811 sed
761 780 798 811 et
826 788 875 812 ex
904 774 1028 823 ejusd.
1060 773 1160 811 Tim.
1191 787 1224 810 c.
1254 775 1321 811 51.
1352 774 1417 811 ubi
1447 787 1531 810 cum
1559 772 1680 810 Hem-

305 841 420 881 ster-h.
449 845 524 891 jam
552 843 660 890 plura
690 838 863 890 dederit,
894 856 938 879 eo
967 843 1143 880 lectorem
1173 842 1335 878 remitto.
1394 839 1545 880 errz,

391 911 492 958 Pag.
526 914 620 948 112.
650 908 678 946 l.
711 913 748 945 1.
791 906 1031 955 Κεστὸν]
1061 907 1224 946 Vestem
1252 909 1369 946 fuisse
1399 910 1569 956 opinatur
1597 922 1682 946 eru-

306 978 511 1015 ditissimus
560 983 688 1014 auctor
732 982 903 1014 notarum
941 977 987 1014 ad
1027 990 1203 1013 marmor.
1249 974 1378 1013 Oxou.
1420 990 1458 1023 p.
1504 978 1557 1013 24
1570 1004 1585 1022 ,
1639 979 1680 1013 2.

306 1044 410 1084 Vide
440 1052 480 1081 tu
510 1043 628 1081 Plom.
659 1042 707 1080 Il.
740 1039 799 1092 Ξ,
832 1047 925 1082 214.
985 1042 1137 1081 SOLAN.

388 1111 475 1149 ead.
506 1112 533 1148 Ζ.
567 1116 605 1149 2.
648 1108 874 1161 Περικέα
888 1114 993 1157 ται]
1039 1109 1115 1147 Cur
1153 1111 1229 1157 J‘am
1258 1122 1334 1146 non
1366 1110 1478 1146 etiam
1509 1108 1680 1160 περικέε-

303 1194 369 1218 ται
399 1179 572 1216 emendat
613 1177 811 1215 Solanus?
859 1176 929 1214 An
966 1178 1052 1225 quia
1094 1178 1231 1223 sensit,
1276 1182 1313 1213 et
1353 1177 1588 1223 saepiuscule
1628 1179 1682 1214 sic

304 1247 440 1284 deinde
481 1247 583 1294 legi,
624 1251 666 1282 ut
705 1259 737 1282 c.
781 1248 848 1282 34.
880 1242 1015 1282 κέαται
1046 1266 1102 1274 --
1142 1237 1316 1294 θρόνος,
1358 1250 1395 1280 et
1424 1243 1513 1280 ibid.
1544 1245 1680 1281 iterum

305 1321 377 1352 etc.
436 1313 486 1350 Et
526 1310 743 1350 ἀποκέαται
786 1326 819 1350 c.
859 1314 926 1350 51.
958 1310 1053 1348 Vid.
1090 1325 1159 1348 nos
1195 1309 1242 1347 ad
1272 1324 1304 1346 c.
1338 1314 1376 1347 6.
1436 1308 1513 1348 Sed
1542 1309 1679 1348 κέαται

303 1382 452 1430 plurale
491 1388 548 1419 est
578 1379 804 1429 I‘Ierodoto,
844 1379 895 1417 L.
938 1377 1012 1416 IX.
1056 1382 1150 1418 587.
1185 1376 1229 1415 C.
1271 1379 1335 1415 ubi
1374 1375 1678 1426 &tranem-gazas,

295 1451 529 1502 ptttcfctctcce
556 1457 659 1487 sunt.
716 1446 847 1496 Atque
876 1449 915 1485 in
941 1447 1152 1494 praeteritis
1181 1447 1292 1483 etiam
1322 1448 1376 1483 sic
1402 1446 1524 1483 solere
1552 1446 1679 1494 plura-

301 1519 401 1566 lem,
439 1517 516 1555 vid.
556 1529 670 1564 supra
708 1529 788 1564 cap.
830 1520 896 1554 10.
938 1516 967 1553 f.
1008 1521 1046 1552 et
1086 1528 1118 1552 e.
1156 1516 1225 1552 42.
1283 1512 1389 1552 Haec
1426 1514 1552 1561 itaque
1585 1511 1679 1549 nihil

300 1585 481 1622 officiunt.
538 1582 686 1621 REI'rz·

386 1650 474 1689 ead.
505 1651 532 1688 I.
557 1655 595 1689 3.
622 1644 970 1697 (Υδατώδεεῃ
1005 1650 1225 1688 Florentina
1253 1651 1370 1687 tribus
1397 1649 1521 1687 verbis
1550 1648 1675 1695 ditior,
1725 1659 1726 1683 1

301 1721 355 1758 sic
382 1718 515 1755 habet:
556 1714 593 1755 οἱ
624 1715 666 1754 δὲ
694 1712 936 1762 ὑδατώδεες·
978 1716 1118 1754 πολλοὶ
1149 1715 1193 1754 δὲ
1224 1712 1423 1762 οἶνώὸέξς·
1465 1714 1602 1752 πολλοὶ
1634 1713 1677 1752 δὲ
1724 1730 1726 1733 ’

301 1782 541 1837 πυῤῥώὸεες.
600 1782 679 1821 Sed
707 1785 858 1833 nescio,
890 1798 983 1822 anne
1014 1784 1111 1820 illud
1142 1778 1321 1828 οἷνώδξες
1346 1783 1497 1831 lepidus
1526 1782 1677 1830 quidam
1724 1820 1725 1823 ,

299 1855 372 1902 joci
403 1866 534 1890 caussa
563 1852 767 1901 adjecerit,
798 1853 903 1899 quasi
931 1866 952 1889 a
981 1850 1160 1889 Luciano
1188 1852 1508 1898 praetermissum.
1567 1848 1677 1888 Licet

298 1923 377 1959 vini
416 1920 518 1957 color
557 1933 625 1967 pro
663 1919 869 1967 nigricante
911 1933 1076 1967 purpura
1117 1920 1234 1966 possit
1277 1920 1408 1966 accipi.
1485 1912 1678 1962 Οἷνώὸεες
1722 1910 1724 1941 s

298 1990 411 2026 etiam
445 1989 484 2024 in
513 1985 588 2024 W.
629 1999 736 2035 esse,
774 1986 842 2023 sed
870 1993 954 2023 ante
985 1984 1150 2035 πολλοὶ,
1191 1986 1379 2024 adleverat
1408 1985 1545 2035 Solan.
1577 1984 1677 2033 quod

299 2057 333 2093 si
361 2068 514 2101 verum,
543 2055 660 2101 recipi
687 2060 825 2101 posset.
883 2053 1035 2092 RmTz.

382 2120 472 2159 e'ad.
522 2120 550 2158 l.
594 2122 632 2158 5.
684 2117 983 2172 φορέουσι]
1039 2119 1198 2158 Peccant
1245 2118 1306 2157 hic
1359 2121 1498 2157 itermu
1546 2131 1676 2156 onmes

298 2191 409 2238 impr.
445 2195 481 2226 et
510 2189 593 2236 ipse
618 2186 678 2224 M.
738 2186 890 2226 SoLAN.

382 2254 470 2294 ead.
511 2255 538 2292 l.
581 2260 647 2293 12.
693 2251 1061 2305 Θωυμαστόν]
1108 2254 1169 2292 De
1218 2255 1348 2292 tabula
1383 2255 1482 2302 picta
1522 2253 1675 2290 minime

296 2323 369 2362 hoc
403 2325 539 2361 mirum
577 2322 698 2370 foret,
738 2322 806 2360 sed
845 2323 892 2360 de
927 2324 1034 2371 signo
1065 2322 1227 2370 dictum,
1266 2335 1341 2359 non
1369 2322 1508 2371 mirum
1536 2320 1672 2369 solum,
1722 2309 1723 2313 Ἰ

296 2391 366 2431 sed
417 2390 650 2439 impossibile
709 2391 821 2426 etiam
837 2418 848 2438 ,
898 2391 972 2427 nisi
1024 2391 1107 2438 quis
1155 2391 1257 2426 intus
1312 2389 1432 2426 latens
1482 2388 1674 2434 oculorum
1703 2381 1714 2385 ⁵

297 2461 415 2496 aciem
454 2460 494 2495 in
537 2469 664 2494 omnes
705 2471 772 2504 pro
811 2457 932 2494 lubitu
961 2464 1087 2505 partes
1116 2456 1311 2495 direxerit.
1353 2454 1513 2502 ,SoLAffi
1570 2453 1673 2492 Vide
1720 2451 1722 2454 ’

298 2533 422 2563 tamen
454 2522 723 2563 Welcmdium
753 2524 800 2560 ad
828 2522 867 2561 h.
896 2525 924 2561 l.
959 2530 996 2563 1.
1051 2523 1206 2561 Lth.

383 2591 472 2631 ead.
521 2592 548 2629 I.
598 2593 664 2629 15.
711 2585 971 2642 Ἱστορίῃ]
1025 2589 1189 2628 Mallem
1238 2586 1398 2642 ἔσορὲῃ,
1453 2594 1494 2626 ut
1545 2601 1671 2635 supra.

299 2660 402 2699 Nihil
438 2667 563 2698 tamen
604 2657 665 2696 hic
705 2659 830 2698 invitis
872 2659 980 2696 libris
1021 2664 1164 2695 mutare
1203 2670 1315 2695 ausus
1352 2669 1449 2694 sum.
1518 2653 1671 2694 SoLAN.
