1740 3095
305 148 398 191 570
633 162 1394 209 ADNo-TATIONES

386 280 474 321 ead.
504 281 532 320 l.
565 286 630 321 13.
660 277 806 333 Αὕτη
848 277 998 335 κόρη]
1040 282 1259 334 Gorgonum
1295 285 1487 326 historiam
1515 294 1664 337 praeter

303 349 469 398 reliquos
500 350 699 398 diligenter
726 351 893 388 recitavit
921 349 1121 391 Scholiast.
1148 351 1323 391 Pindari
1347 355 1393 392 ad
1420 353 1536 405 Pyth.
1564 354 1662 394 XII.

302 431 339 465 p.
369 431 419 454 m.
442 420 539 455 253.
569 418 606 454 b.
625 414 965 467 Ἀποδειροτομεΐν
992 418 1163 458 Hesiodi
1181 421 1335 458 verbum
1359 428 1414 459 est
1434 424 1472 459 in
1499 420 1662 474 Θεογον.

301 498 340 522 v.
371 488 465 522 280.
496 485 560 521 ubi
589 485 762 523 similiter
789 484 885 522 hanc
912 484 1106 524 historiam
1144 495 1294 537 narrat,
1335 491 1440 536 cujus
1471 491 1502 527 si
1531 474 1664 539 phjrsi-

303 564 364 588 cas
394 551 662 598 explicationes
690 552 904 600 desideres,
943 553 1082 591 affatim
1112 556 1180 592 tibi
1218 570 1402 605 nug-arum
1433 555 1665 595 Scholiastae

301 617 348 654 ad
374 631 460 654 eum
489 618 612 655 locum
644 619 791 657 dabunt.
848 619 1026 657 Doctiora
1057 629 1142 659 suut
1180 630 1218 660 et
1255 625 1423 671 veriora,
1463 638 1558 672 quae
1599 638 1664 662 co-

299 686 405 732 piose
435 685 481 722 de
509 673 558 723 iis
587 687 750 735 disputat
777 686 840 724 H.
870 686 1095 726 Doclwellus
1132 691 1172 726 iu
1212 691 1304 728 diss.
1334 690 1380 728 de
1406 705 1495 729 vero
1522 690 1666 745 Peripli

299 749 493 789 Hannonis
523 760 691 802 tempore
720 753 831 793 Tom.
860 754 894 793 I.
922 753 1232 805 Geographorum
1260 756 1442 797 Hudson.
1481 759 1516 808 ς.
1548 762 1588 797 2.
1617 758 1665 796 ad

300 822 341 858 7.
372 821 438 857 ubi
463 827 578 858 totam
605 836 686 859 rem
716 823 762 860 ab
790 821 968 861 Hesiodo
997 824 1190 862 confictam
1215 825 1335 864 docet.
1393 825 1456 864 De
1483 826 1665 864 narratio-

299 888 358 924 nis
387 886 500 936 hujus
528 890 679 937 ineptiis
709 889 790 927 dixi
817 891 857 927 in
884 890 975 928 diss.
1008 891 1041 939 ᾗ.
1076 895 1142 929 25.
1173 891 1413 946 Hepupd'efv,
1450 893 1592 942 dubito,
1618 907 1667 931 an

299 953 397 1002 apud
444 955 558 992 alium
604 963 770 994 veterem
817 957 979 1005 legatur.
1036 957 1418 1012 Προςεταιρίζεσθαι
1469 959 1666 999 honestum

299 1021 394 1058 alias
422 1023 658 1062 vocabulum.
717 1022 844 1061 Gnsn.

384 1088 473 1126 ead.
512 1090 541 1126 I.
574 1092 638 1127 15.
682 1086 1035 1138 Ἔπαοιὸιάις]
1093 1091 1160 1130 An
1217 1091 1449 1143 ἔπα()ιὸ“αΐς;
1502 1093 1664 1134 GUYET.

294 1151 485 1205 Ἐπαοιῶὴ
525 1156 777 1195 Homer-icum
805 1158 958 1205 quidem
1001 1158 1077 1197 Od.
1124 1160 1174 1208 T,
1213 1162 1309 1198 455.
1369 1158 1448 1198 Sed
1486 1160 1667 1213 {naotd'la

298 1221 496 1272 HesycIu'o
556 1223 806 1277 φαρμακεία,
866 1225 1039 1277 γοητεία.
1097 1225 1226 1278 Quare
1287 1226 1382 1265 nihil
1428 1229 1665 1268 mutaverim.

297 1288 449 1328 Rnrrz.

380 1357 467 1396 ead.
497 1358 525 1396 l.
568 1363 633 1397 17.
679 1358 880 1410 ΤΡῙΕΦ]
923 1358 975 1398 L.
1010 1359 1084 1398 Fr.
1112 1359 1228 1409 Hag.
1270 1368 1308 1399 et
1335 1361 1436 1401 Bas.
1480 1367 1523 1403 2.
1550 1369 1665 1402 recte.

297 1422 343 1463 In
370 1426 528 1474 reliquis
556 1425 672 1477 Κριτ.
703 1427 896 1465 mendose.
955 1425 1110 1467 SoLAN.

382 1492 483 1540 Pag.
516 1496 610 1531 231.
640 1493 668 1531 l.
699 1497 740 1532 4.
781 1491 860 1545 Νὴ
911 1490 1002 1533 τὸν
1052 1491 1355 1546 ἄγνωστον]
1404 1495 1559 1546 Ignotus
1595 1497 1666 1536 ille

298 1557 591 1598 Atheniensium
618 1560 749 1610 Deus,
779 1563 812 1599 si
840 1576 862 1599 a
891 1560 1115 1600 Christianis
1145 1564 1270 1614 abeas,
1300 1566 1365 1602 vix
1393 1566 1564 1613 cuiquam
1586 1578 1665 1602 me-

300 1634 467 1665 moratus
503 1629 727 1675 reperietur.
785 1627 864 1667 Sed
902 1631 958 1668 sic
1001 1629 1114 1668 homo
1160 1632 1308 1670 incaute
1346 1631 1545 1670 admodum
1573 1645 1666 1670 usuas

298 1693 450 1731 fraudes
480 1694 657 1733 obtrudit.
716 1694 868 1733 sous.

384 1759 474 1798 ead.
511 1761 540 1798 l.
582 1766 622 1801 7.
663 1762 719 1800 M
726 1761 906 1814 υριάς.
939 1766 978 1809 .]
1017 1762 1116 1812 Hic,
1164 1765 1334 1812 quisquis
1371 1771 1451 1813 est,
1498 1766 1665 1804 larvatus

298 1826 489 1867 Lucianus
516 1829 642 1876 palam
668 1831 744 1876 jam
771 1829 818 1867 ad
845 1829 1020 1868 undecim
1049 1831 1209 1868 millium
1248 1833 1440 1879 virginum
1483 1831 1666 1870 decanta-

299 1905 379 1933 tam
395 1895 586 1948 fabulam
611 1896 763 1945 alludit3
801 1911 887 1935 nam
915 1898 1015 1945 quod
1045 1897 1197 1937 Cretam
1226 1899 1389 1935 nominat
1414 1897 1487 1935 huc
1513 1900 1665 1937 minime

299 1964 516 2010 facientem,
555 1964 603 2000 ob
637 1977 788 2002 versum
826 1979 876 2003 ex
903 1965 1077 2003 Homero
1119 1967 1373 2002 concinnatum
1415 1965 1488 2020 hoc
1527 1967 1665 2003 facttun

301 2037 380 2069 est:
420 2044 489 2068 nec
529 2031 622 2068 adeo
664 2033 816 2079 solliciti
853 2039 939 2070 smit
973 2032 1170 2070 mendaces
1198 2032 1244 2069 de
1273 2045 1424 2070 suarum
1452 2033 1666 2072 fabularum

301 2100 598 2136 circiunstantiis.
655 2098 801 2137 Fabula
837 2101 936 2138 enim
974 2106 1123 2148 narrat,
1165 2098 1346 2137 Ursulum
1395 2113 1445 2138 ex
1471 2099 1666 2138 Britannia

302 2165 499 2205 Coloniam
527 2164 779 2215 Agrippinam
807 2174 949 2205 vectam
976 2167 1029 2203 ibi
1059 2180 1143 2203 cum
1179 2166 1353 2204 undecim
1380 2168 1547 2205 millibus
1587 2168 1666 2206 vir-

300 2234 449 2283 ginibus
478 2234 524 2270 ab
548 2232 698 2271 Hunnis
725 2235 956 2271 trucidatam.
1014 2232 1120 2271 Haec
1148 2241 1271 2271 autem
1300 2235 1424 2271 fabula
1453 2235 1579 2273 seculo
1600 2234 1665 2273 de-

300 2315 404 2339 mum
431 2298 528 2338 XII.
559 2301 694 2338 saltem
723 2302 823 2349 quod
850 2301 898 2339 ad
925 2300 1096 2338 undecim
1124 2302 1244 2338 millia
1275 2301 1426 2339 illarum
1464 2303 1663 2351 virginum,

301 2382 394 2417 quas
423 2367 484 2406 hic
512 2374 750 2416 spectamus,
781 2369 936 2418 attinet,
975 2369 1013 2404 in
1043 2368 1131 2405 orbe
1161 2367 1375 2406 Christiano
1410 2370 1552 2406 narrari
1580 2383 1665 2412 coee

301 2437 382 2484 pit3
408 2437 575 2484 quamvis
600 2448 661 2472 res
689 2442 793 2484 gesta
822 2442 980 2483 ponatur
1008 2436 1104 2472 circa
1133 2434 1207 2473 IV.
1237 2436 1357 2474 seculi
1380 2436 1508 2475 finem.
1565 2435 1664 2474 Rem

302 2502 397 2542 hanc
431 2504 589 2541 ulterius
631 2504 807 2551 prosequi
841 2517 911 2540 nec
947 2508 1074 2551 vacat,
1113 2517 1182 2541 nec
1209 2504 1332 2551 lubet3
1376 2503 1444 2541 sed
1479 2503 1540 2540 vel
1577 2501 1664 2539 hinc

302 2570 396 2608 mihi
433 2573 522 2608 satis
562 2577 730 2608 constare
768 2570 935 2618 videtur,
987 2576 1173 2608 auctorem
1217 2571 1357 2608 inficeti
1393 2569 1507 2618 hujus
1538 2569 1664 2607 libelli

303 2638 410 2675 mille
437 2636 485 2676 ad
512 2639 708 2676 minimum
734 2644 821 2687 post
846 2635 1058 2678 Lucianum
1093 2651 1209 2681 annos
1244 2639 1411 2687 vixisse3
1453 2637 1570 2675 donec
1605 2637 1665 2675 vir
