1740 3095
316 147 407 190 356
599 155 1371 201 ADNOTA‘rIpNEs

398 277 497 318 ibid.
551 271 923 322 Διδάσκαλος]
985 273 1118 313 Ordo:
1177 269 1436 321 Διδάσκαλος
1490 270 1546 313 ὧν
1605 276 1678 314 τοῦ

317 341 507 397 Ζήνωνος
534 342 639 389 υἱέος
665 344 736 382 τοῦ
754 339 1063 396 Ἀρισταινέτου.
1114 339 1275 381 Gmrn.
1332 337 1594 388 Διδάσκαλος
1623 338 1678 380 ὢν

318 405 435 460 οὗτος
473 413 543 457 τοῦ
572 408 876 463 Ἀριστανέτου,
915 406 1020 455 υἱέος
1047 408 1118 447 τοῦ
1148 404 1361 459 Ζήνωνος]
1400 408 1459 447 Ita
1493 424 1560 458 per
1588 423 1678 448 suas

317 481 574 520 distinctiones
613 480 739 527 inepte
778 477 994 526 discerpunt
1026 476 1191 514 editores
1228 478 1268 513 in
1295 474 1451 515 Graecis
1480 491 1549 525 ea,
1586 489 1682 525 quae

318 547 573 596 conjungenda
601 552 698 583 sunt.
754 544 856 595 Ergo
883 552 921 583 et
948 542 1206 582 Benedictus:
1241 542 1486 581 Aristaenetz‘
1511 543 1686 581 Zenonis

308 615 399 668 filii
428 623 674 664 praeceptor.
731 612 818 665 Quo
858 611 950 662 quid
988 612 1212 650 obscurius?
1262 617 1301 648 et
1340 612 1423 658 quis
1461 611 1569 649 aliter
1594 610 1686 649 haec

318 682 524 731 adspiciat,
564 695 679 730 quam
711 680 883 718 facientia
910 678 1195 718 Aristaenetum
1228 678 1351 716 filium
1375 692 1417 716 ac
1444 679 1685 728 discipulum,

317 748 514 789 Zenonem
552 762 645 787 vero
681 750 856 797 patrem?
911 745 972 786 At
1009 747 1121 795 plane
1156 745 1248 783 haec
1285 752 1372 783 sunt
1408 747 1570 785 inversa.
1637 744 1687 783 Et

319 823 456 867 quanto
491 815 718 865 praeclarior
744 815 935 853 Erasmus
949 828 963 854 .·
1001 812 1107 866 quod
1140 823 1234 852 esset
1260 813 1416 851 Zenoni
1443 812 1688 851 Aristaeneti

310 884 409 937 filio
430 888 691 933 praeceptor?
729 881 775 921 Id
802 883 949 932 retine,
978 888 1016 920 et
1045 881 1139 920 tolle
1166 895 1217 919 ex
1246 878 1406 919 Graecis
1434 881 1688 929 impl-dumam

320 948 480 991 comma.
537 949 669 994 Giton.

404 1016 493 1056 ead.
531 1017 560 1056 l.
599 1021 666 1057 16.
701 1011 818 1055 Ἀπὸ
858 1016 950 1055 τοῦ
988 1008 1308 1067 περιπάτου]
1350 1011 1537 1063 Alciphr.
1579 1013 1606 1050 1.
1649 1012 1689 1051 d.

322 1079 344 1124 ὅ
369 1081 413 1124 ἔκ
438 1083 511 1124 τοῦ
540 1079 772 1135 περιπάτου.
819 1081 968 1121 ΒΕΙΤΖ.

403 1149 500 1189 ibid.
531 1144 869 1200 Κλεόδημος]
900 1148 993 1186 Vid.
1025 1147 1197 1197 Philops.
1228 1162 1262 1185 c.
1293 1152 1332 1186 6.
1391 1145 1544 1184 SoLAN.

408 1215 501 1255 ead.
550 1216 580 1255 2.
624 1221 691 1255 17.
748 1212 994 1262 Κοπίδα]
1042 1216 1150 1254 Plut.
1198 1219 1321 1255 1899.
1363 1218 1401 1253 2.
1440 1214 1571 1263 docet,
1618 1211 1691 1252 hoc

324 1286 432 1335 quasi
469 1297 674 1333 cognomen
710 1284 787 1331 jam
824 1290 909 1321 ante
951 1283 998 1321 de
1040 1282 1256 1333 Chrysippo
1296 1287 1516 1330 usurpatum
1530 1309 1543 1330 ,
1582 1283 1691 1329 cujus

324 1359 468 1391 statuae
504 1352 551 1389 ab
578 1350 861 1389 Aristocreonte
892 1351 1091 1399 inscriptus
1119 1350 1179 1388 hic
1206 1350 1360 1388 titulus:
1420 1345 1500 1386 Τὸν
1532 1345 1575 1386 δὲ
1604 1344 1692 1386 νεὸν

325 1414 568 1472 Χρύσιππον
619 1414 903 1470 Ἀριστοκρέων
966 1413 1162 1467 ἀνέθηκε,
1241 1417 1334 1455 Τῶν
1386 1412 1692 1465 Ἀκαδημιακῶν

325 1484 625 1539 στραγγαλιδῶν
664 1483 824 1524 κοπίδα.
885 1483 991 1523 Vide
1028 1492 1067 1523 et
1104 1486 1142 1522 in
1178 1482 1380 1522 Phocione.
1446 1482 1508 1520 De
1546 1480 1691 1532 Ulysse

324 1555 496 1603 primus,
533 1554 573 1590 ni
608 1552 743 1602 fallor,
786 1554 980 1601 usurpavit
1017 1552 1119 1590 Eur.
1156 1551 1255 1591 Hec.
1290 1553 1385 1590 134.
1442 1548 1546 1588 Vide
1582 1550 1694 1587 etiam

329 1621 514 1659 Nostrum
559 1618 730 1668 Philops.
760 1633 812 1658 »0.
852 1623 920 1658 29.
977 1617 1130 1657 SOLAN.
1196 1618 1242 1656 In
1289 1616 1498 1667 Euripidis
1535 1616 1693 1655 Hecuba

330 1682 445 1733 κόπις
482 1689 573 1734 (non
601 1686 731 1734 κοπίς)
771 1686 906 1725 dicitur
933 1685 1121 1736 Ulysses:
1169 1699 1239 1724 nec
1263 1686 1372 1724 aliter
1399 1685 1438 1723 h.
1469 1686 1498 1723 1.
1528 1685 1694 1722 voluisse

328 1754 477 1794 videtur
505 1752 671 1791 Gasaub.
700 1754 748 1791 ad
780 1751 974 1802 Theopkr.
1005 1752 1176 1792 charact.
1207 1767 1239 1790 c.
1271 1756 1310 1791 5.
1341 1756 1370 1799 §.
1404 1757 1442 1790 2.
1497 1751 1693 1802 Quaerere

328 1823 445 1871 igitur
482 1822 626 1869 possis,
665 1827 792 1858 utrum
827 1818 867 1857 h.
905 1821 934 1858 l.
971 1819 1115 1859 κοπίδα
1143 1826 1266 1869 recte,
1304 1833 1350 1857 an
1379 1814 1525 1856 κόπιδα
1555 1819 1696 1856 scriba-

318 1895 406 1930 tur.
461 1887 520 1927 At
555 1886 649 1925 mihi
689 1887 842 1935 quidem
878 1885 918 1925 h.
960 1888 987 1926 l.
1019 1890 1199 1936 scriptura
1225 1885 1369 1925 κοπίδα
1395 1900 1468 1923 non
1495 1886 1619 1924 solum
1647 1885 1694 1923 ob

331 1957 515 1995 librormn
553 1968 796 2004 consensum,
837 1954 905 1992 sed
944 1956 1057 1992 etiam
1083 1961 1301 2004 propterea,
1341 1953 1440 2002 quod
1470 1951 1586 2004 ξίφος
1614 1959 1694 1989 tan-

331 2037 444 2073 quam
476 2036 730 2072 synonymum
766 2021 1005 2070 adjungitur,
1045 2029 1083 2060 et
1121 2023 1168 2060 ob
1194 2022 1318 2059 locum
1346 2019 1517 2068 Philops.
1549 2033 1581 2056 c.
1613 2023 1696 2068 29„

331 2091 396 2130 ubi
430 2089 600 2138 ejusdem
625 2090 773 2138 generis
800 2087 913 2126 homo
943 2085 1102 2134 πέλεκύς
1130 2102 1191 2134 τις
1218 2088 1377 2136 dicitur,
1415 2092 1522 2125 extra
1551 2085 1696 2124 dubita-

332 2159 472 2197 tionem
501 2169 586 2195 esse
614 2158 734 2204 posita
761 2156 924 2195 videtur.
971 2155 1114 2194 LEnM.

416 2222 506 2264 ead.
533 2223 563 2262 I.
596 2227 664 2261 18.
696 2218 745 2260 “E
757 2237 823 2275 ρμ
840 2227 929 2270 ων]
969 2221 1082 2261 Hunc
1109 2223 1196 2260 alibi
1223 2234 1299 2259 non
1326 2222 1486 2269 reperio.
1535 2217 1686 2259 somn.

416 2290 520 2339 Pag.
550 2293 618 2329 48.
647 2289 676 2327 l.
703 2292 744 2330 4.
780 2284 1069 2336 Ἱστιαῖος]
1111 2288 1307 2327 Obscurus
1331 2287 1457 2327 homo.
1513 2285 1663 2326 SOLAN.

416 2356 515 2397 ibid.
559 2352 1010 2411 Διονυσόδωρος]
1063 2354 1190 2406 Hujus
1234 2370 1370 2395 nomeu
1416 2357 1456 2393 in
1499 2354 1570 2393 hoc
1609 2355 1691 2394 solo
1730 2358 1740 2360 “’

337 2425 518 2475 opusculo
545 2423 667 2461 video.
725 2421 876 2463 SoLAN.

421 2490 499 2530 ead
523 2490 552 2529 l.
577 2494 642 2528 10.
674 2489 775 2528 Καὶ
805 2489 1124 2538 ἐδεξιοῦντο
1153 2485 1223 2537 ὥς
1249 2504 1370 2529 τινα
1397 2489 1497 2527 τῶν
1525 2500 1695 2540 κρειτ-

338 2554 523 2605 τόνων]
560 2556 618 2595 Et
651 2566 694 2595 ut
720 2556 876 2596 deorum
904 2558 1068 2609 aliquem
1095 2566 1331 2607 exceperunt
1340 2571 1356 2605 ,-
1402 2569 1477 2593 non
1503 2568 1616 2603 vero,
1654 2562 1696 2593 ut

338 2627 406 2664 iue
430 2631 613 2674 verterat,
640 2633 675 2663 et
705 2634 747 2662 m
772 2639 994 2676 quemquam
1018 2639 1074 2663 ex
1092 2621 1440 2675 praestantioribus
1459 2622 1693 2661 salutarunt.
