1768 3125
446 740 1088 782 ARGUMENTUM.

74 869 126 901 De
161 875 295 899 auctore
319 867 556 907 Philopatridis
589 874 656 899 tres
690 869 813 898 classes
836 869 1070 899 sententiarum
1104 867 1131 909 §.
1160 871 1190 899 1.
1215 870 1248 899 2.
1296 867 1351 911 1.)
1387 868 1453 914 Qui

164 926 312 956 Luciauo
348 924 494 954 tribuunt
527 926 559 956 3.
584 924 617 955 4.
651 922 722 965 11.)
759 924 825 968 Qui
849 926 1064 965 antiquiorem
1091 926 1233 956 Luciano
1266 927 1387 957 faciunt
1419 928 1453 959 ⁵.

162 981 379 1012 Examinatur
403 982 483 1010 haec
507 980 673 1019 posterior
699 981 861 1011 sententia
885 983 918 1012 6.
966 982 1129 1021 Imprimis
1154 989 1313 1022 repugnat
1337 985 1454 1013 lauda-

161 1045 211 1068 tus
235 1038 465 1068 Artemidorus
490 1037 523 1067 9.
569 1037 612 1066 Et
637 1037 818 1068 similitudo
843 1039 1001 1069 sermonis
1038 1049 1107 1068 cum
1130 1049 1279 1070 sermone
1304 1040 1454 1071 aniani.

164 1095 282 1124 Obiter
306 1096 346 1124 de
370 1093 541 1123 Baraterio
567 1093 687 1123 dictum
716 1094 769 1123 10.
799 1090 873 1134 11.)
900 1095 1033 1124 Luciani
1059 1105 1120 1125 non
1146 1105 1218 1126 esse
1242 1097 1327 1125 hunc
1354 1097 1454 1127 libel-

160 1154 247 1191 lum,
274 1150 457 1181 ostenditur
481 1149 668 1179 testimonio
701 1149 855 1189 antiquae
887 1152 1105 1182 annotationis
1132 1154 1185 1183 12.
1236 1153 1322 1196 Quia
1357 1153 1454 1184 unius

160 1214 283 1238 tantum
317 1205 526 1245 {inperatoris
558 1205 590 1235 in
626 1207 759 1236 Persica
784 1207 922 1238 victoria
950 1208 1070 1239 mentio
1096 1208 1132 1238 fit
1159 1209 1214 1239 13.
1262 1211 1455 1249 Responde-

161 1271 214 1295 tur
247 1266 306 1294 Ge.
332 1264 433 1292 Bullo
468 1261 521 1292 14.
559 1268 591 1292 et
622 1264 801 1294 Dodweuo
841 1264 894 1294 15.
942 1263 1053 1305 Major
1088 1272 1137 1295 est
1169 1266 1201 1295 in
1226 1267 1454 1306 Philopatride

160 1331 267 1352 rerum
279 1319 537 1350 Christianarum
564 1319 701 1355 notitia,
727 1329 820 1358 qnam
846 1330 928 1360 qnae
953 1320 986 1350 in
1012 1321 1154 1352 Luciano
1180 1323 1375 1353 observatur
1398 1324 1454 1354 16.

164 1378 280 1407 Obiter
323 1377 483 1416 quaedam
527 1377 567 1404 ad
606 1376 817 1415 Peregrinum
856 1378 1061 1417 disputantur
1093 1385 1203 1409 contra
1236 1380 1278 1410 T.
1313 1380 1454 1410 Fabrum

164 1433 218 1465 18.
256 1434 307 1463 19.
357 1432 592 1471 Comparantur
627 1432 762 1462 notitiae
797 1434 933 1463 Luciani
973 1440 1005 1464 et
1039 1436 1181 1466 auctoris
1217 1436 1454 1476 Philopatridis

160 1491 218 1521 20.
264 1489 318 1519 An
346 1487 499 1531 χρηστοὶ
544 1488 606 1518 sint
642 1488 850 1519 Christiani?
899 1498 1011 1520 contra
1049 1492 1207 1521 lluetinm
1247 1494 1302 1524 21.
1352 1494 1453 1525 Stilus

163 1546 398 1585 Philopatriitis
423 1545 566 1575 Luciano
591 1545 741 1584 indignus
768 1547 913 1576 22-26,
930 1544 1018 1588 111.)
1044 1548 1134 1588 Ergo
1154 1548 1268 1591 junior
1295 1550 1453 1589 Luciano,

160 1604 249 1643 quod
274 1604 407 1641 putabat
438 1602 535 1632 etiam
562 1601 736 1631 Laerosius
761 1603 816 1632 26.
864 1603 907 1633 Ε1
931 1604 1080 1644 Moylius
1117 1606 1160 1636 27
1220 1607 1369 1646 Scriptus
1401 1608 1452 1638 vi-

162 1661 257 1690 detur
292 1659 466 1699 Byzantii,
511 1669 582 1688 cum
620 1668 658 1688 ea
687 1657 755 1699 jam
789 1666 875 1690 esset
909 1661 1206 1702 Constantinopolis
1240 1664 1294 1694 28.
1345 1666 1454 1704 Argu-

162 1722 268 1746 mento
305 1717 346 1745 de
379 1716 571 1755 templorum
607 1715 797 1754 antiquitate
831 1726 892 1746 non
921 1718 1039 1747 1111111111·
1063 1720 1117 1749 29.
1165 1721 1243 1750 Post
1268 1721 1453 1752 Constanti-

160 1783 233 1802 num
256 1772 305 1801 M.
331 1772 484 1811 ‚scriptum
510 1781 581 1802 esse.
609 1771 754 1801 indicant
777 1769 941 1807 ἒξισωταὶ
957 1797 966 1815 ‚
996 1781 1027 1805 et
1053 1785 1148 1805 voces
1177 1779 1335 1815 quaedam
1358 1778 1451 1808 illius

161 1829 233 1859 aevi
256 1828 407 1867 propriae
431 1829 486 1858 30.
536 1827 681 1866 Scriptus
709 1828 838 1858 videtur
861 1831 901 1859 ad
927 1831 1065 1869 primum
1102 1832 1254 1862 nuncium
1290 1834 1450 1866 victoriae

158 1885 284 1916 Juliaui
320 1884 473 1915 Persicae
496 1886 577 1915 31..
602 1883 786 1914 Christiano
824 1887 1017 1925 Imperatori
1053 1887 1111 1917 tali
1143 1889 1259 1919 libello
1290 1891 1450 1928 gratulari

158 1951 224 1972 non
247 1941 392 1971 licuisset
413 1942 469 1971 32.
518 1942 583 1970 Res
608 1947 719 1979 gestae
747 1942 873 1971 Juliani
900 1943 978 1972 satis
1005 1954 1140 1982 magnae
1163 1947 1217 1975 33.
1265 1945 1310 1975 Et
1333 1954 1449 1977 auctae

160 1999 192 2028 in
218 1999 405 2027 immensum
438 2007 456 2026 a
481 1998 705 2027 laudatoribus
734 1996 790 2028 34.
839 1998 889 2027 De
917 1998 1074 2038 Aegypto
1108 2000 1140 2030 in
1173 2002 1363 2032 set-vitutem
1395 2012 1449 2034 re-

160 2055 321 2093 digenda,
349 2053 514 2082 Arabibus
540 2062 577 2082 ac
603 2053 736 2092 Scythis
761 2053 816 2084 35.
865 2054 1038 2084 Christiani
1062 2056 1181 2086 infensi
1201 2057 1344 2088 Julia'no.
1397 2060 1449 2090 De

160 2110 210 2140 his
235 2110 306 2149 agi,
345 2116 457 2138 contra
490 2109 688 2148 Basnagium
720 2111 774 2139 36.
822 2110 916 2141 Male
952 2110 1110 2142 ominatos
1135 2113 1268 2144 Juliano
1303 2115 1449 2145 ostendi-

159 2173 213 2196 tur
244 2166 300 2198 37,
347 2165 456 2195 Status
492 2166 576 2195 [elix
602 2166 730 2205 imperii
754 2166 887 2197 Juliano
915 2167 1095 2207 imperante
1119 2169 1173 2199 38.
1224 2171 1448 2202 Galilaeorum

163 2222 342 2262 appellatio
366 2221 491 2251 Juliani
514 2223 714 2261 temporibus
743 2224 885 2262 propria.
921 2226 977 2255 39.
1004 2224 1059 2255 40.
1107 2226 1242 2256 Licebat
1279 2229 1365 2266 apud
1388 2227 1448 2258 Ju-

160 2278 284 2309 lianum
307 2278 404 2309 etiam
432 2279 521 2309 Deos
546 2279 714 2319 gentilium
737 2279 879 2311 irridere
906 2278 961 2312 41.
1010 2279 1076 2327 Qui
1098 2281 1132 2311 in
1162 2282 1298 2313 Luciani
1331 2293 1449 2316 nomeu

160 2335 373 2376 pervenerit?
404 2334 460 2366 42.
484 2334 546 2368 43.

70 2481 104 2520 I.
144 2444 279 2533 Quo
321 2489 514 2530 tempore,
552 2494 674 2531 quove
714 2483 873 2531 scriptus
915 2489 1067 2523 auctore
1109 2492 1208 2524 esset
1246 2486 1447 2538 Dialogus,

71 2551 136 2599 qui
177 2549 444 2598 Philopatridis
483 2552 636 2588 nomine
676 2552 773 2587 iuter
812 2551 969 2589 Luciani
1019 2554 1172 2591 libellos
1223 2569 1243 2592 a
1283 2556 1446 2594 librariis

71 2619 250 2656 collocari
278 2619 391 2666 solet,
423 2618 488 2654 diu
507 2619 740 2666 multumque
771 2633 792 2656 a
822 2619 1049 2657 doctissimis
1078 2620 1288 2661 hominibus
1317 2625 1446 2673 dispu-

70 2692 189 2724 tatum
217 2691 289 2738 est.
348 2684 417 2723 Me
446 2686 493 2723 ad
522 2686 773 2734 quaerendtun
802 2689 979 2726 excitavit
1006 2688 1128 2738 illud,
1166 2691 1266 2738 quod
1302 2695 1443 2740 passim
