1768 3125
288 168 684 209 1²H1L01’ATmms
728 163 1093 199 mssnn‘m‘rm.
1337 144 1430 187 663

52 306 170 345 Nobis
199 307 324 341 contra
354 313 399 338 ea
428 297 489 335 hic
516 308 592 333 non
621 292 668 331 de
698 290 1001 331 Christianorum
1038 283 1236 331 dog-mate,
1280 277 1346 315 sed
1386 276 1433 313 de

55 375 143 414 stilo
172 370 333 410 Luciani
362 365 549 405 contentio
580 368 651 400 est.
709 358 772 397 De
801 356 873 394 hoc
901 368 985 391 cum
1013 350 1166 400 Moylio
1196 347 1304 385 nobis
1347 358 1435 382 con-

54 443 181 481 venire
210 442 287 488 jam
314 435 585 474 indicavimus:
618 429 728 466 illum
757 424 986 463 satisfecisse
1016 421 1129 457 etiam
1158 414 1338 454 credibile
1379 419 1438 449 est

56 508 293 556 Dodwello,
331 505 394 553 qui
431 503 632 549 scripserat
675 495 721 534 ad
749 492 944 542 Moylium
989 493 1090 536 (pag.
1125 487 1239 528 347.)
1283 495 1324 519 se
1364 492 1439 516 non

58 589 260 627 agnoscere
314 571 565 611 barbarismos
628 567 666 603 in
716 557 977 608 Philopatride
1027 555 1197 593 Luciauo
1251 549 1439 597 indignos.

65 645 181 696 Quod
213 642 364 692 quidem
395 638 583 677 excidisse
620 635 703 672 viro
743 631 920 677 mirarer,
964 625 1036 662 nisi
1072 623 1182 660 illum
1217 618 1303 656 aliis
1334 615 1445 653 rebus

62 714 258 759 omnibus,
309 722 422 757 quam
463 700 589 756 λόγων
619 698 771 751 κρίσει,
815 708 969 745 operam
1007 691 1182 738 dedisse,
1233 690 1445 734 appareret.

149 777 316 818 XXVI.
344 775 466 825 Igitur
494 785 615 819 neque
645 768 816 806 Luciano
846 763 1048 811 antiquior,
1078 770 1200 805 neque
1226 754 1345 802 ipsius
1366 748 1448 788 Lu-

64 850 160 888 ciani
190 854 247 885 est
275 842 528 891 Philopatris3
559 838 629 877 sed
658 836 815 885 junioris
843 832 1028 875 auctoris,
1073 833 1109 864 et
1140 822 1449 861 samosatensem

65 916 227 964 imitati,
260 911 362 962 quod
392 911 425 959 ᾗ.
461 913 526 946 10.
558 905 791 943 monuimus.
849 897 1042 937 Juniorem
1070 892 1242 930 Luciano
1283 887 1450 934 suspica-

69 992 130 1022 tus
161 984 274 1021 etiam
301 980 424 1016 fuerat
452 977 534 1023 vir,
575 973 665 1010 dum
705 971 871 1013 viveret,
918 963 1159 1002 doctissimus
1189 956 1451 996 Muumnus

69 1051 310 1091 Vnssmuz
349 1059 404 1083 LA
437 1043 598 1091 Cnozs,
648 1039 764 1087 idque
806 1034 1035 1073 indicaverat
1072 1031 1113 1066 in
1150 1025 1355 1076 specimine
1389 1021 1454 1058 ob-

72 1119 327 1160 servationum
354 1113 619 1151 historicarum
647 1109 685 1144 in
714 1104 929 1142 Lucianum
942 1102 1001 1146 a):
1045 1111 1088 1135 ac
1128 1101 1260 1143 postea
1289 1090 1455 1129 declara-

69 1189 148 1236 vit,
178 1185 276 1223 edita
306 1185 384 1230 jam
412 1179 483 1217 hac
509 1175 779 1224 disputatione,
810 1173 848 1207 in
879 1169 1000 1206 literis
1031 1165 1077 1202 ad
1105 1170 1270 1202 veterem
1297 1165 1333 1196 et
1353 1169 1457 1195 sum-

70 1268 175 1293 mum
217 1252 380 1289 amicum
417 1260 545 1284 meum
585 1242 632 1281 C.
663 1241 718 1279 A.
757 1238 1042 1276 HEUMANNUM
1056 1230 1111 1280 b).
1171 1229 1284 1267 Ponit
1320 1236 1456 1271 nempe

73 1322 308 1362 characteres
347 1315 577 1360 historicos,
630 1310 800 1358 virgines
845 1305 982 1343 Cretae
1030 1314 1187 1347 caesas,
1236 1308 1312 1332 nou
1353 1292 1459 1338 satis,

73 1397 190 1440 puto,
229 1386 404 1430 feliciter,
445 1390 487 1419 ut
516 1380 564 1418 ad
593 1393 624 1416 c.
659 1382 726 1416 13.
767 1372 978 1414 ostendisse
1006 1367 1102 1407 mihi
1130 1365 1286 1412 videor3
1327 1358 1461 1398 deinde

80 1457 234 1503 exnfine
264 1452 419 1500 dialog-i,
445 1448 674 1498 Aegyptum
713 1446 756 1482 in
784 1442 928 1495 officio
962 1452 1042 1477 non
1079 1442 1318 1480 manentem,
1348 1428 1462 1467 Ara-

77 1525 179 1565 biam
230 1531 265 1560 et
300 1520 443 1558 Susam
491 1515 598 1554 brevi
646 1508 876 1551 vincendam
890 1538 903 1555 ,
953 1503 1204 1556 supercilium
1253 1498 1464 1536 Persarum

80 1588 334 1642 (Palmyram)
377 1585 591 1638 dejectum:
637 1594 732 1631 quae
771 1577 924 1627 quidem
962 1570 1158 1611 commode
1192 1565 1376 1616 applicari
1415 1561 1463 1600 ad

80 1660 335 1701 Aurelianum
364 1667 500 1703 posse,
543 1659 684 1689 certum
714 1654 786 1685 est.
845 1643 1050 1692 Superest,
1090 1645 1132 1676 ut
1173 1633 1467 1674 animadvertant

80 1731 265 1776 lectores,
296 1727 420 1763 sintne
447 1736 491 1760 ea
520 1735 542 1758 a
570 1719 680 1756 nobis
710 1715 858 1764 prolata
900 1713 939 1748 in
976 1708 1060 1756 his,
1103 1718 1199 1754 quae
1245 1707 1466 1750 sequuntur,

83 1810 180 1847 quae
209 1793 411 1832 excludant
439 1788 703 1828 Aurelianum.
764 1779 865 1819 Mihi
893 1777 1045 1827 quidem
1082 1776 1135 1811 ita
1162 1771 1323 1810 videtur.

167 1859 353 1901 XXVII.
399 1858 551 1910 Quanta
600 1867 685 1891 cum
735 1848 1015 1888 asseveratione
1063 1843 1252 1891 jlmiorem
1301 1836 1470 1874 Luciano

86 1934 203 1972 faciat
231 1928 466 1977 Philopatrin
491 1923 711 1968 MoYLms,
741 1917 944 1954 indicatum
973 1917 1046 1949 est.
1104 1907 1232 1946 Etiam
1272 1903 1344 1941 hoc
1371 1908 1472 1940 recte

88 2000 205 2048 vidit,
244 1997 313 2036 sub
353 1997 582 2042 imperatore
612 1986 827 2025 Christiano
856 1994 931 2018 uon
972 1989 1150 2016 ausurum
1187 1974 1308 2010 fuisse
1344 1983 1473 2018 quem-

91 2080 204 2116 quam
232 2066 272 2101 in
301 2063 436 2100 libello
454 2089 465 2109 ‚
496 2072 570 2107 quo
598 2056 659 2093 illi
689 2052 883 2090 adulatum
911 2047 1083 2092 veniret,
1123 2041 1217 2080 adeo
1251 2039 1380 2076 irrisui
1406 2035 1474 2073 ha-

39 2130 43 2134 *
92 2136 183 2173 bere
211 2132 435 2180 relig-ionem
466 2125 731 2165 Christianam.
788 2118 922 2164 Itaque
947 2112 1107 2151 removit
1151 2123 1174 2147 a
1216 2108 1313 2145 bona
1354 2110 1475 2143 aetate

94 2207 274 2252 quantum
312 2198 434 2247 potuit
474 2190 731 2240 Philopatriu,
772 2186 1032 2232 scriptumque
1071 2176 1310 2215 Diocletiano
1348 2183 1476 2209 rerum

97 2271 260 2319 potiente
286 2266 416 2303 voluit.
476 2261 551 2300 Hic
580 2261 706 2306 itaque
736 2254 902 2292 omnium
930 2249 1101 2298 proxime
1132 2244 1177 2282 ab
1208 2256 1250 2280 ea
1293 2238 1478 2277 sententia

100 2338 232 2384 abest,
263 2347 376 2382 quam
406 2343 497 2369 mox
525 2336 808 2377 proponemus,
839 2320 902 2357 ubi
933 2330 998 2354 cur
1028 2316 1066 2351 in
1093 2310 1375 2350 Diocletianum
1404 2317 1480 2341 nou

100 2404 272 2444 videatur
301 2407 527 2448 competere,
555 2392 844 2432 ostenderimus.
903 2383 1000 2422 Nam
1038 2382 1072 2420 si
1098 2379 1171 2417 hoc
1198 2378 1351 2427 planum
1380 2374 1480 2410 sece-

152 2571 185 2611 τι)
207 2571 376 2602 Ins-ertum
413 2567 448 2599 id
477 2574 522 2597 est
548 2559 778 2594 miscellaneis
812 2553 1019 2588 Academiae
1055 2548 1206 2580 Berolin.
1243 2544 1289 2575 Τ.
1314 2542 1344 2574 Ι.
1379 2553 1412 2572 n.
1448 2539 1481 2570 4.

220 2640 234 2657 a
263 2649 270 2656 .
294 2626 348 2656 27.
373 2636 405 2654 se
433 2646 442 2655 .

156 2639 291 2726 1))Ρίῗιιί
317 2682 394 2713 illas
408 2636 547 2722 c{iublici
572 2674 663 2718 juris
690 2671 772 2703 fecit
798 2672 833 2702 in
859 2665 994 2700 Poecile
1016 2662 1048 2703 I,
1073 2662 1106 2701 3,
1130 2659 1163 2692 7.
1189 2669 1263 2702 pag.
1285 2653 1364 2687 438.
