1740 3095
318 155 412 197 336
662 168 1428 200 ADNOTA'rloNEs

404 289 508 338 Pag.
541 291 609 328 24.
639 289 667 327 ἶ,
702 294 739 327 1.
775 283 998 335 Τούτου]
1041 288 1114 327 Ed.
1150 289 1249 328 Par.
1290 290 1448 328 mutavit
1486 287 1582 327 hanc
1616 301 1685 328 vo-

317 372 411 407 cem,
441 359 601 405 fecitque
632 352 797 394 τούτων.
856 354 1008 394 SoLAN.

401 425 488 464 ead.
518 426 545 462 l.
577 428 616 462 4.
647 420 802 475 Παρὰ
831 424 981 474 γοῦν]
1014 423 1160 463 Forsan
1188 438 1229 476 γε
1257 425 1390 462 maluit
1418 423 1556 461 Solan.
1603 421 1684 461 Sed

316 496 407 532 satis
437 499 558 541 potest
584 493 779 540 vulgatum
806 498 931 540 stare,
960 504 1030 540 pro
1059 501 1160 530 cerie
1181 491 1338 543 ‘quidem
1366 498 1580 540 acceptum,
1610 504 1683 539 quo

315 576 426 599 sensu
475 562 692 608 frequenter
738 560 851 608 poni,
903 561 995 596 satis
1042 560 1169 597 docuit
1212 559 1321 596 Bud.
1376 560 1415 596 in
1454 558 1683 598 Commentt.

313 644 352 678 p.
384 631 479 666 475.
511 625 620 664 Conf.
651 640 741 664 mox
770 640 802 663 c.
835 640 916 675 seq.
944 621 1076 678 ἄρτων
1104 628 1213 677 γοῦν.
1251 623 1398 664 ΒΕΙΤΖ.
1439 625 1588 664 Invenit
1610 625 1684 662 So—

313 697 431 733 lanus
455 695 569 733 verba
597 690 707 745 παρὰ
736 694 831 745 γοῦν
858 688 952 744 ἡμῖν
981 701 1051 731 etc.
1091 696 1129 731 in
1159 693 1257 731 Edd.
1287 700 1378 731 vett.
1409 707 1493 730 cum
1522 706 1685 740 sequen-

314 765 415 801 tibus
444 765 582 811 juncta,
622 775 718 810 quae
753 774 816 798 res
852 775 962 810 eum,
1004 763 1078 798 nisi
1107 762 1232 809 fallor,
1261 762 1378 798 movit
1406 760 1452 798 ad
1480 762 1589 798 istam
1618 760 1685 797 ad-

314 832 567 879 notationem,
594 843 668 866 non
694 829 796 877 quod
824 830 902 865 vim
927 829 1131 876 particulae
1161 829 1255 879 γοῦν
1284 830 1488 877 ignoraret,
1521 841 1632 876 quam
1662 840 1684 864 e

314 899 473 947 sing-ulis
501 897 781 935 Lucianeorum
811 897 959 944 paginis
989 910 1169 945 cog-nosse
1199 897 1347 933 licebat.
1405 894 1490 932 Jam
1531 908 1685 943 praece—

312 966 487 1003 dentibus
536 964 707 1011 adjuncta
746 962 838 1000 haec
882 963 998 1000 verba
1040 963 1130 1000 ferri
1180 964 1306 1010 aliquo
1354 970 1462 1010 pacto
1513 968 1684 1011 possunt,

314 1046 539 1081 quamquam
567 1038 603 1068 et
632 1029 723 1068 mihi
751 1032 838 1067 satis
868 1032 1037 1078 jejunum
1076 1031 1152 1067 tale
1192 1030 1484 1067 additamentum
1522 1030 1683 1076 videtur,

314 1114 356 1137 ac
391 1114 509 1147 paene
549 1098 707 1135 absurda
748 1098 948 1136 sententia:
988 1091 1012 1146 ἡ
1056 1096 1165 1134 πενία
1198 1095 1240 1134 δὲ
1273 1119 1319 1126 -
1356 1120 1402 1125 —
1438 1094 1547 1146 παρὰ
1587 1097 1684 1148 γοῦν

312 1162 408 1217 ἧμΐν
436 1170 519 1211 τοῖς
551 1163 702 1214 πένησι.
761 1162 821 1201 Ae*
851 1170 975 1200 autem
1002 1177 1024 1200 e
1050 1161 1142 1200 Cod.
1174 1163 1259 1201 Par.
1288 1164 1476 1201 inlocum
1513 1164 1609 1214 γοῦν
1650 1164 1684 1201 si

311 1234 409 1272 velis
439 1233 687 1279 substituere,
717 1231 834 1268 multo
865 1232 978 1268 etiam
1007 1232 1131 1268 minus
1160 1231 1402 1269 satisfeceris.
1461 1229 1602 1268 LEHM.

399 1298 487 1337 ead.
516 1299 544 1336 l.
572 1303 613 1337 7.
637 1295 792 1343 ‘'Owg
823 1294 1060 1347 ἔχοντες]
1094 1297 1161 1335 An
1190 1294 1336 1347 τόσας,·
1371 1313 1438 1346 pro
1473 1294 1682 1344 τοςαύτας.
1707 1331 1711 1332 ⁷

311 1366 419 1406 Vett.
452 1366 574 1406 codd.
601 1366 836 1414 inspiciendi.
880 1364 1042 1403 GUYET.
1083 1365 1149 1404 Nil
1176 1367 1367 1403 varietatis
1395 1367 1559 1403 invenio.
1604 1363 1684 1403 Nec

311 1436 509 1473 desidero:
549 1448 636 1472 nam
673 1430 772 1480 ὅσας
807 1435 1072 1483 interrogative
1107 1440 1298 1481 acceptum
1336 1434 1438 1471 belle
1475 1446 1517 1470 se
1555 1432 1682 1483 habet,

311 1506 390 1541 sive
429 1503 675 1540 exclamantis
714 1515 818 1539 more
854 1502 987 1550 malis,
1027 1516 1158 1549 parum
1196 1501 1333 1549 refert,
1372 1514 1525 1548 prorsus
1562 1507 1605 1537 ut
1643 1501 1683 1537 in

311 1570 415 1609 Dial.
445 1569 564 1607 Mort.
591 1569 644 1606 II.
675 1569 742 1607 fin.
775 1564 871 1607 ὅσου
901 1568 974 1619 μὲν
1004 1565 1078 1620 ἐγώ
1102 1569 1272 1620 χρυσοῦ.
1304 1567 1349 1605 Σ.
1382 1563 1479 1617 ὅσης
1519 1558 1583 1604 δ’ν
1606 1564 1682 1618 ἐγὼ

311 1638 481 1688 τρυφῆς.
540 1635 671 1684 Neque
702 1632 800 1681 ὅσας
828 1635 889 1673 hic
916 1636 1138 1674 nectendum
1167 1650 1252 1673 cum
1291 1637 1497 1683 praemisso
1540 1635 1681 1680 τοςοῧ-

311 1719 393 1751 τον,
423 1705 528 1752 quasi
557 1713 718 1752 tantum,
750 1713 934 1754 quantum
958 1703 1206 1751 significaret,
1246 1709 1286 1739 ut
1322 1715 1433 1750 saepe
1462 1703 1580 1751 solet3
1624 1703 1681 1739 id-

311 1787 383 1822 que
418 1772 606 1822 Guyetmn
640 1773 679 1808 in
716 1784 882 1808 errorem
922 1770 1091 1817 induxit,
1133 1770 1233 1817 quod
1270 1771 1391 1806 minus
1430 1771 1608 1818 mirarer,
1645 1771 1681 1807 si

312 1837 406 1878 ὅσον
433 1840 647 1887 legeretur3
685 1844 721 1874 at
760 1851 843 1875 cum
872 1839 954 1886 ipse
984 1849 1091 1874 casus
1121 1850 1163 1873 ac
1192 1849 1369 1873 numerus
1410 1836 1582 1875 diversus
1620 1851 1681 1875 se-

310 1909 541 1956 parationem
569 1905 763 1953 iudicaret,
792 1905 911 1942 facilis
941 1911 1021 1942 erat
1049 1904 1247 1941 distinctio.
1305 1902 1453 1941 Rm'rz.

395 1974 483 2012 ead.
513 1973 542 2010 l.
575 1977 614 2010 8.
651 1970 909 2009 Συιόικία
927 1975 973 2018 ς]
1006 1971 1179 2009 Insulas.
1236 1969 1399 2008 GUYET.
1442 1969 1563 2008 Bene.
1621 1968 1679 2009 At

311 2056 448 2090 supra,
477 2043 579 2078 vicos
604 2040 721 2077 voluit
749 2039 863 2076 idem.
922 2037 991 2077 Me
1019 2040 1073 2076 ibi
1100 2052 1176 2076 nou
1203 2039 1439 2088 refragante,
1470 2037 1570 2086 quod
1601 2038 1680 2075 illic

309 2123 441 2158 parum
469 2108 631 2144 intersit.
688 2106 835 2144 Rm'rz.

394 2176 496 2224 Pag.
535 2179 601 2212 25.
641 2173 668 2211 l.
710 2178 747 2211 1.
806 2169 915 2223 Θύμ
931 2175 1010 2220 ον]
1065 2173 1208 2221 Gepam
1258 2181 1468 2221 agrestem,
1519 2170 1679 2210 bullum.

312 2243 474 2281 GUYET.
533 2240 706 2278 Pramzm
728 2241 883 2287 (fausse)
911 2241 1001 2278 dicit
1021 2239 1116 2278 hanc
1136 2241 1482 2288 interpretationem
1499 2238 1677 2277 Belinus.

310 2310 390 2348 Nec
418 2310 567 2347 facilius
588 2322 767 2356 pom-um,
798 2323 872 2356 quo
905 2309 1096 2346 Gesnerus
1126 2309 1311 2356 interpres
1342 2319 1435 2345 usus
1478 2313 1536 2344 est
1562 2306 1602 2343 h.
1630 2306 1679 2354 L,

310 2390 541 2425 concoquere
579 2382 723 2423 poterat
759 2375 978 2421 delicatior,
1020 2388 1131 2423 quam
1169 2375 1337 2421 doctior,
1377 2375 1528 2411 arbiter.
1586 2371 1676 2421 Ipse
1727 2373 1737 2376 ”

309 2447 410 2482 euim
445 2442 612 2493 thymum
650 2444 852 2492 praetulit,
890 2443 1066 2491 ignorans
1102 2441 1174 2479 hoc
1210 2442 1326 2479 fuisse
1363 2442 1506 2479 olerum
1542 2453 1675 2489 genus,

308 2510 477 2550 Athenis
506 2525 528 2548 a
555 2510 782 2558 pauperibus
824 2508 969 2547 comedi
1012 2509 1191 2558 solitum,
1235 2508 1282 2546 de
1324 2522 1397 2556 qua
1435 2521 1478 2544 re
1515 2507 1676 2555 insignis

309 2586 368 2616 est
393 2580 497 2616 locus
526 2574 733 2626 Aristoplt.
763 2575 864 2614 Plut.
894 2590 931 2615 v.
965 2580 1060 2616 283.
1100 2574 1343 2614 Grammatici
1365 2581 1513 2613 veteres
1551 2574 1676 2621 expli-

309 2653 391 2683 cant
428 2647 510 2684 fere
548 2658 617 2694 per
653 2656 764 2683 voces
807 2638 972 2694 βολβός,
1014 2638 1236 2695 κρόμμυον.
1293 2640 1432 2681 Noster
1471 2641 1554 2679 fere
1591 2653 1675 2677 cum
