1768 3125
385 191 475 222 1N
548 188 989 222 crN1cUM.
1321 172 1415 216 473

49 313 174 352 Salm.
199 319 235 352 εἰ
252 312 400 358 Amsl.)
432 312 504 351 duo
527 313 680 361 Dialogi
701 313 889 359 inscripti:
921 307 1071 347 ΖΕΥΣ
1088 305 1199 346 ΚΑΙ
1211 304 1418 344 HAIOE.

47 380 164 420 Alter
202 380 350 419 All&
364 379 521 418 [AI-LV
555 379 666 419 ΚΑΙ
716 379 933 417 ffl’MIIE.
991 376 1044 416 Iis
1090 384 1212 414 tamen
1251 374 1418 411 additum

49 452 89 487 in
118 449 277 487 iisdem:
311 446 359 486 Οἱ
383 448 531 500 ίτμξῆς
561 445 632 486 (Ὑί-ο
665 444 841 499 διάλογοι
872 446 950 485 τῶν
987 439 1183 495 διαλόγων
1225 441 1296 481 εἶσὶ
1335 442 1416 480 τῶν

48 518 180 555 θεῶν·
220 532 294 565 quo
330 517 558 565 indicarent,
609 514 677 554 hos
718 517 827 553 binos
867 514 1049 561 Dialogos
1093 512 1275 550 Deorum.
1335 506 1417 547 Sed

48 591 204 632 uterque
235 587 309 633 jam
341 599 409 623 suo
449 585 533 623 loco
560 586 721 622 insertus
763 590 819 622 est
852 582 961 620 Tom.
983 580 1035 619 11.
1080 580 1150 620 N⁰.
1192 576 1337 629 XXV,
1380 582 1418 616 et

49 650 215 690 XXVI.
272 650 421 691 Rfflrz.

397 820 422 866 I
455 820 498 868 N
568 820 606 867 C
641 820 683 867 Y
717 819 761 867 N
794 819 818 866 I
854 819 890 866 C
926 820 969 866 U
1002 818 1071 866 M.

129 922 231 971 Pag.
264 925 358 962 185.
388 922 417 960 I.
452 927 489 961 1.
529 921 817 968 ΚΥΝῙΚΟΣ]
860 922 914 960 D.
956 921 1077 960 Jocm.
1118 918 1418 971 Chrysosiomus,

48 991 106 1028 vir
145 990 257 1038 plane
299 997 448 1028 sanctus
491 996 528 1029 et
568 992 902 1040 incomparabilis,
951 1004 1025 1028 non
1063 990 1203 1027 veritus
1244 995 1300 1026 est
1336 990 1419 1035 ejus

48 1063 195 1106 partem
223 1059 262 1094 in
290 1056 484 1096 homiliam
514 1059 725 1109 quandam,
756 1073 867 1107 quam
896 1059 935 1096 in
962 1056 1155 1096 Johannis
1184 1057 1421 1105 evangelium

47 1132 317 1163 commentatus
374 1133 456 1175 est,
517 1128 698 1165 inserere.
749 1126 881 1166 CoeN.
951 1124 1242 1174 supposititium
1287 1123 1420 1161 credo:

47 1195 200 1242 gravior
229 1195 328 1231 enim
358 1201 431 1242 est,
463 1208 531 1232 nec
559 1195 723 1232 ludentis
752 1193 927 1232 Luciani.
969 1193 1133 1231 Sonus.
1191 1191 1293 1229 Mira
1331 1205 1421 1230 vero

50 1264 343 1310 argumentatio!
375 1261 497 1313 Quasi
526 1264 646 1300 omnis
675 1264 840 1312 gravitas
869 1277 890 1300 a
918 1263 1119 1310 multiplici
1132 1259 1292 1298 Luciani
1317 1261 1423 1309 inge-

48 1330 111 1366 nio
141 1336 178 1366 et
206 1331 372 1367 oratione
401 1330 521 1367 aliena
550 1330 684 1380 fuerit,
726 1344 794 1368 nec
831 1331 898 1368 ille
942 1330 1143 1379 quidquam
1172 1329 1274 1367 aliud
1303 1329 1423 1366 scive-

49 1398 121 1445 rit,
151 1398 223 1433 nisi
252 1398 398 1436 ludere.
459 1397 563 1450 Quin
592 1400 674 1447 ipse
694 1399 864 1436 Solcmus
891 1399 985 1436 bene
1013 1406 1119 1436 norat
1144 1398 1356 1447 gravissimi
1386 1401 1424 1433 et

50 1466 197 1503 consilii
222 1472 260 1503 et
288 1467 379 1516 styli
408 1467 550 1514 libros,
588 1480 610 1503 a
649 1453 798 1504 nemine
834 1468 947 1515 illos,
985 1481 1027 1504 ac
1068 1480 1114 1504 ne
1143 1467 1225 1514 ipso
1255 1465 1423 1513 quidem,

50 1547 214 1581 uuquam
243 1535 281 1571 in
310 1536 522 1582 suspicione
550 1533 722 1583 habitos,
756 1533 1059 1583 Hermotimum,
1089 1533 1313 1582 Nigrinum,
1346 1530 1425 1569 To-

49 1603 182 1649 xarin,
225 1599 487 1650 Anacharsin,
527 1603 744 1650 multosque
771 1603 886 1639 aliosz
924 1603 990 1649 qui
1019 1616 1132 1649 quum
1162 1609 1199 1638 et
1225 1602 1298 1649 ipsi
1326 1601 1426 1636 inter

51 1683 94 1708 se
123 1683 191 1717 pro
220 1670 398 1706 materiae
427 1671 568 1707 ratione
610 1676 648 1708 et
681 1671 841 1707 auctoris
883 1676 1003 1707 aetate
1031 1669 1140 1706 valde
1171 1669 1310 1705 diversi
1350 1668 1426 1704 sint

51 1736 180 1774 habitu
209 1751 251 1774 ac
278 1737 420 1785 forma,
462 1738 610 1774 facilius
651 1744 776 1775 tamen
821 1739 980 1786 quisque
1007 1737 1192 1774 infinitam
1222 1750 1337 1785 prope
1383 1749 1426 1773 ac

51 1805 164 1854 plane
196 1803 456 1842 inexhaustam
504 1806 646 1854 ingenii
693 1807 909 1843 varietatem
953 1812 990 1843 et
1018 1806 1225 1854 agilitatem
1256 1805 1293 1841 iu
1332 1805 1425 1841 scri-

51 1879 182 1921 ptore,
213 1873 278 1920 qui
306 1874 386 1920 ipse
414 1871 615 1910 Demo-ath.
643 1871 798 1910 Encom.
830 1887 862 1910 c.
894 1876 962 1911 24.
996 1886 1037 1910 se
1066 1872 1263 1920 profitetur
1292 1867 1426 1917 πάσας

55 1936 238 1992 στροφὰς
286 1938 351 1977 καὶ
407 1937 652 1991 περιαγωγὰς
702 1935 1018 1987 ἐιάλλάττοντα,
1080 1940 1259 1977 admirari
1311 1939 1425 1987 volet,

53 2023 166 2057 quam
196 2009 241 2045 ob
270 2007 365 2045 lianc
392 2009 513 2056 ipsam
539 2022 581 2045 ac
611 2009 730 2045 solam
758 2010 975 2045 varietatem
1001 2007 1048 2044 de
1081 2008 1191 2044 unius
1228 2007 1291 2045 vel
1331 2007 1426 2044 alte-

54 2077 133 2113 rius
160 2076 279 2112 libelli
309 2077 529 2112 auctoritate
559 2075 744 2113 dubitare.
803 2074 902 2112 Mihi
931 2075 1081 2123 quidem
1110 2075 1260 2113 videtur
1283 2073 1424 2111 Lucia-

54 2156 125 2181 nus
154 2144 226 2180 sibi
254 2145 336 2191 ipse
365 2143 561 2180 defuturus
589 2143 730 2191 fuisse,
770 2144 844 2180 nisi
872 2142 968 2180 hunc
997 2144 1207 2191 scripsisset
1237 2141 1424 2192 Cynicum

55 2225 193 2260 suum,
235 2225 349 2259 quum
387 2225 518 2258 parum
557 2211 629 2248 sibi
671 2210 717 2248 de
749 2209 889 2260 Cynica
919 2211 1114 2259 disciplina
1143 2211 1312 2259 judicans
1334 2221 1425 2247 'con-

55 2280 199 2318 stitisse
234 2278 357 2317 videri
393 2279 597 2327 potuisset,
649 2280 713 2327 qui
752 2293 849 2315 nunc
890 2276 1066 2327 Cynicis,
1105 2285 1147 2315 ut
1180 2277 1424 2327 Antisthene,

55 2345 254 2395 Diogene,
294 2344 504 2394 Menippo,
552 2353 720 2384 uteretur
759 2346 805 2384 ad
843 2359 990 2384 errores
1027 2344 1220 2383 hominum
1259 2360 1303 2384 ac
1335 2348 1425 2383 vitia

56 2414 337 2463 perstringenda
379 2421 417 2451 et
450 2414 694 2463 corrigenda,
746 2429 845 2451 nunc
883 2414 1035 2451 eosdem
1069 2412 1258 2464 Cynicos,
1306 2421 1349 2451 ut
1386 2415 1425 2451 in

56 2480 255 2530 Lapithis,
287 2480 464 2518 Vitarum
492 2480 705 2530 Auctione,
735 2490 771 2519 et
800 2483 901 2529 alibi,
932 2483 1062 2519 acerbe
1092 2488 1260 2530 carperet
1289 2495 1331 2518 ac
1360 2481 1425 2519 ‹le-

58 2550 209 2587 rideret.
267 2549 351 2587 Jam
381 2549 427 2586 de
457 2550 611 2587 consilio
640 2550 759 2587 libelli
785 2551 866 2598 ipso
897 2550 945 2587 cf.
976 2548 1139 2599 Argum.
1196 2548 1338 2586 LEHM.

144 2616 232 2656 ead.
260 2618 288 2654 I.
321 2622 361 2655 3.
392 2616 435 2654 K
443 2612 601 2667 όμην]
642 2617 885 2659 Disertehic
914 2632 1022 2656 coma
1050 2618 1225 2656 tribuitur
1255 2615 1423 2667 Cynic03

61 2699 173 2733 quam
203 2692 312 2734 apte,
353 2685 511 2724 viderint
541 2687 621 2725 ahi.
679 2685 763 2736 Ego
805 2693 905 2724 certe
930 2693 1055 2726 contra
1080 2687 1305 2735 optimorum
1332 2686 1425 2723 scri·
