1737 3074
238 352 367 403 TA
435 356 706 406 ΠΡΟΣ
773 360 1227 417 KPONON.

577 489 751 498 *ma-—

123 573 217 622 Arg.
243 577 436 615 Saturnalia
462 582 564 626 haec,
588 584 631 618 ad
657 587 783 621 festum
803 588 1040 625 Saturnalium
1065 596 1267 636 spectantia.
1292 597 1329 629 in
1351 604 1424 631 tres

31 630 141 664 partes
165 624 349 668 dispescuit
372 637 511 669 auctor,
545 643 690 673 quarum
716 637 827 678 prima
852 639 1003 669 continet
1024 638 1226 682 dialogum,
1259 644 1422 675 sacerdo-

31 674 103 700 tem
138 671 228 702 inter
264 681 296 704 et
331 672 522 708 Saturnum
557 678 735 720 habitum,
769 693 837 724 quo
872 685 931 714 ille
965 697 982 716 a
1009 684 1072 716 deo
1101 698 1163 718 suo
1189 687 1313 720 frustra
1339 691 1422 731 petit

31 711 183 747 divitias.
240 717 419 759 Secunda,
454 733 539 762 quae
564 722 764 758 inscribitur
790 724 1008 762 Cronosolon
1024 754 1032 770 ,
1065 741 1303 773 proponuntur
1329 737 1420 777 leges

30 769 49 790 a
87 759 238 793 Saturno
271 776 330 805 per
366 766 567 808 prophetam
599 779 632 802 et
666 773 879 807 sacerdotem
903 787 1006 808 suum
1033 775 1197 809 divitibus
1221 778 1264 810 ad
1291 780 1420 813 festum.

29 805 95 836 rite
129 817 168 837 ac
201 807 305 850 (ligne
340 812 587 846 celebrandum
623 820 866 862 praescriptae,
902 820 1090 863 interjectis
1125 825 1253 863 minis,
1288 827 1315 856 si
1341 827 1419 868 quis

29 859 145 882 contra
184 855 316 894 egisset.
367 857 482 889 Tertia
519 870 647 893 constat
682 874 826 906 quatuor
859 868 1030 909 epistolis,
1066 880 1133 900 una
1168 869 1351 903 sacerdotis
1373 871 1419 903 ad

27 894 222 929 Saturnum
246 902 388 943 scripta,
413 914 478 945 qua
503 902 540 936 id
564 908 696 949 agitur,
723 919 760 941 ut
784 911 867 943 deus
891 922 948 945 aut
976 915 1217 957 aequalitatem
1242 917 1419 950 bonorum

27 941 209 983 pristinam
234 947 409 989 restituat,
434 957 491 981 aut
515 950 679 985 divitibus
703 957 826 989 saltem
850 959 1016 1000 imperet,
1051 968 1088 992 ut
1112 972 1148 991 ea
1164 984 1172 999 ‚
1197 973 1260 1004 qua
1287 963 1418 994 bueus-

26 997 94 1028 qne
127 989 180 1020 usi
215 991 304 1031 sint,
343 995 378 1025 in
411 1006 570 1037 pauperes
605 1000 784 1033 insolentia
819 1012 851 1035 et
875 1005 1125 1037 inhumanitate
1148 1004 1223 1047 jam
1247 1008 1418 1041 abstinere

26 1035 224 1074 coeperint3
249 1037 343 1078 quod
367 1041 403 1071 ni
430 1041 513 1082 siat,
539 1055 699 1087 pauperes
723 1050 836 1080 omnis
860 1051 994 1092 generis
1018 1052 1109 1082 mala
1135 1061 1166 1083 et
1190 1053 1416 1087 incommoda

25 1075 191 1110 divitibus
214 1092 285 1113 esse
308 1085 567 1127 imprecaturos.
614 1092 772 1125 Secunda
798 1102 846 1126 est
868 1098 1040 1138 responsio
1064 1096 1142 1137 dei,
1166 1110 1230 1140 qua
1255 1100 1283 1130 is
1305 1101 1417 1142 sigui-

26 1121 110 1154 fleat
143 1127 294 1166 priorem
327 1133 532 1173 precationis
555 1144 687 1177 partem
712 1151 781 1171 nou
806 1140 928 1173 habere
952 1154 986 1173 se
1010 1144 1045 1174 in
1070 1154 1128 1175 sua
1152 1153 1313 1186 potestate
1329 1169 1337 1185 ‚
1372 1144 1416 1177 de

23 1168 129 1200 altera
145 1179 260 1204 autem
279 1186 314 1205 se
337 1179 608 1219 supplicantibus
633 1183 676 1214 ita
702 1196 770 1215 esse
794 1187 1068 1225 satisfacturum,
1093 1197 1131 1220 ut
1156 1189 1320 1222 divitibus
1345 1190 1417 1223 hu-

22 1215 198 1247 manitatis
230 1230 268 1250 ac
303 1221 519 1255 liberalitatis
553 1237 630 1268 erga
665 1241 827 1272 pauperes
852 1234 1010 1265 officium
1033 1232 1214 1277 injungat;
1260 1244 1416 1268 ceterum.

23 1256 176 1292 divitum
202 1263 438 1299 conditionem
463 1281 532 1301 non
556 1272 640 1304 adeo
665 1285 734 1306 esse
760 1277 918 1318 felicem,
954 1287 992 1310 ut
1015 1289 1190 1322 propterea
1222 1281 1286 1321 sit,
1319 1281 1416 1324 quod

23 1313 185 1345 pauperes
210 1308 251 1338 iis
275 1321 481 1353 magnopere
504 1316 692 1350 invideant.
748 1322 904 1355 Tertiam
928 1323 1096 1356 Saturnus
1120 1327 1228 1357 mittit
1250 1326 1294 1358 ad
1319 1329 1416 1360 divi-

23 1355 76 1379 tes
91 1371 100 1387 ,
125 1350 255 1393 hosque
280 1362 356 1388 tum
379 1359 548 1398 graviter,
573 1369 648 1393 tum
669 1365 815 1406 callide,
839 1377 979 1408 monet,
1004 1377 1042 1400 ut
1067 1370 1236 1403 humanos
1258 1383 1293 1402 se
1315 1384 1415 1413 prae-

21 1400 109 1424 stent
135 1399 358 1439 pauperibus,
383 1407 592 1443 argumentis
617 1408 658 1440 ab
683 1419 792 1453 aequo
818 1419 850 1443 et
874 1414 952 1444 utili
978 1415 1101 1455 petitis.
1162 1417 1290 1459 Quarta
1311 1417 1416 1448 deni-

21 1448 88 1479 que
112 1438 234 1472 divites
256 1445 464 1487 respondent
488 1448 656 1491 Saturno,
692 1455 760 1496 ita,
796 1465 833 1488 ut
866 1459 939 1488 vice
963 1471 1055 1490 versa
1080 1461 1115 1490 in
1141 1473 1301 1503 pauperes
1326 1475 1415 1494 cou-

22 1483 135 1516 serant
159 1488 304 1522 crimina
329 1492 530 1525 insatiabilis
555 1495 749 1538 edacitatis,
784 1503 929 1533 rusticae
954 1506 1163 1544 procacitatis
1188 1514 1219 1538 et
1243 1508 1413 1539 effusissi-

19 1539 97 1561 mae
121 1531 301 1573 lihidinis;
337 1548 421 1579 quae
455 1540 535 1570 vitia
568 1542 596 1572 si
622 1540 680 1574 illi
711 1557 774 1587 pro
805 1557 868 1578 suo
902 1549 1046 1590 quisque
1080 1551 1158 1581 loco
1192 1551 1413 1595 deposuerint

19 1574 177 1618 intraque
212 1580 340 1612 limites
376 1583 564 1617 modestiae
595 1598 668 1620 sese
691 1593 888 1634 tenuerint,
916 1604 980 1625 nee
1002 1605 1038 1627 se
1061 1593 1241 1631 desideriis
1261 1599 1411 1633 illorum

18 1621 96 1654 utto
119 1622 227 1657 modo
250 1637 321 1659 esse
344 1627 540 1662 defuturos.

354 1739 500 1774 IEPE
514 1743 592 1777 ΥΣ
633 1746 752 1781 KAI
788 1750 1055 1786 ΚΡΟΝΟΣ.
1075 1752 1112 1796 ἃ)

15 1822 123 1866 ΙΕΡ.
179 1814 259 1869 {Q
296 1826 455 1886 Κρόνε,
509 1831 561 1876 σὺ
610 1834 688 1891 γὰρ
741 1835 877 1888 ἔοικας
918 1837 1054 1896 ἄρχων
1067 1841 1109 1893 b)
1149 1839 1198 1885 τό
1239 1860 1283 1899 γε
1333 1847 1405 1887 νῦν

16 1888 139 1945 εἶναι,
180 1896 249 1936 καὶ
287 1899 351 1939 σοὶ
378 1899 568 1954 τέθυται,
609 1905 677 1944 καὶ
715 1907 1017 1962 κεκαλλιέρηται
1046 1909 1152 1966 παρ’
1181 1908 1323 1965 ἥμῶν,
1364 1913 1409 1956 τί

15 1956 68 2001 ἂν
94 1959 275 2015 μάλιστα
303 1965 366 2007 ἐπὶ
396 1971 477 2010 τῶν
507 1969 624 2026 ἱερῶν
653 1970 825 2028 αἰτήσας
862 1973 1029 2030 λάβοιμι
1059 1977 1172 2035 παρὰ
1200 1983 1305 2034 0013,-

59 2059 106 2107 a)
127 2065 238 2099 IEP.
264 2068 311 2102 K.
333 2070 436 2115 KR]
464 2074 717 2112 „Personarum
730 2079 872 2111 nomina
889 2079 1030 2114 aderant
1053 2083 1089 2114 in
1112 2082 1146 2116 J.
1160 2082 1245 2116 Bas.
1258 2085 1299 2135 L!
1313 2082 1400 2128 (3.)

104 2108 400 2194 ἒέὶιᾲὶὲἰὸὸῗαὲ.
427 2116 541 2154 Salm.
588 2122 726 2156 Omissa
759 2125 797 2159 in
821 2122 936 2163 Par-‘⁶
980 2124 1032 2171 b)
1055 2121 1252 2175 ἅρχων]
1276 2124 1402 2177 ἄρχειν

285 2284 1125 2349 SATURNALIA.

374 2456 552 2491 SACERD
558 2461 614 2493 OS
657 2461 721 2494 ΕΤ
767 2464 1020 2499 SATURNUS·

14 2538 111 2579 Sao.
172 2523 532 2600 Quandoquidem,
608 2550 682 2591 Sa·
726 2568 749 2593 a
776 2557 885 2595 nobis
914 2572 957 2596 ac
985 2558 1137 2598 litatum
1165 2566 1251 2611 θείς
1284 2564 1395 2611 quid-

0 2607 145 2649 '.11rne,
189 2603 392 2650 imperimn
426 2612 555 2646 tenere
583 2623 681 2649 nunc
722 2626 812 2650 nam
849 2616 1089 2662 potissimum
1142 2618 1241 2655 inter
1287 2633 1394 2658 sacra

11 2653 177 2707 videris,
234 2659 559 2713 sacrificanuuque
610 2668 680 2705 tibi
722 2671 882 2716 petitum
911 2672 978 2710 abs
1007 2679 1045 2710 te
1071 2674 1163 2711 licet
1185 2678 1394 2725 consequi?

57 2719 214 2757 Lucian.
243 2724 411 2765 VotJX.
1056 2727 1098 2767 A

1469 375 1534 406 Ed.

1459 418 1580 456 Rei-[lo

1445 465 1487 498 T.
1512 468 1578 500 ΙΙΙ.

1442 523 1478 555 Ρο
1499 513 1579 545 385-

1430 1856 1450 1892 1
