1740 3095
277 162 373 206 682
645 176 716 207 m:
753 176 959 207 AETATE
997 177 1067 208 ET
1103 177 1338 209 AUCTORE

275 310 412 346 σματα
442 311 480 335 κ.
508 310 543 335 τ.
575 297 611 335 7..
670 294 750 335 Sed
780 298 839 335 cui
867 312 941 336 non
972 305 1125 347 apparet
1155 312 1204 337 ex
1232 305 1308 337 tota
1337 297 1487 350 phrasi,
1529 302 1651 349 primo

276 361 315 391 et
356 355 508 402 proprio
550 353 761 402 significatu
799 356 887 402 poni
925 369 1073 403 nomen,
1127 370 1194 404 pro
1233 357 1294 404 iis,
1338 358 1403 404 qui
1442 354 1652 396 Galilaeam

275 412 467 459 regionem
498 411 738 448 incolebant?
796 410 887 449 Erat
917 410 1139 450 Tiberianus
1169 406 1415 463 ἡγεμονέὕωψ
1444 414 1516 451 τοῦ
1540 411 1652 465 πρώ-

275 481 347 505 του
377 466 663 505 Παλαιστίνου]
691 464 865 516 ἔθνουςξ
910 468 949 506 id
987 476 1066 517 est,
1107 476 1148 506 ut
1177 471 1423 518 interpretor,
1461 469 1653 509 Galilaeo-

274 538 371 562 rum.
430 523 485 562 Hi
514 526 635 573 enim,
666 526 699 562 si
729 538 750 561 a
780 526 1079 573 septentrionali,
1109 525 1180 563 hoc
1210 534 1290 574 est,
1322 528 1509 575 superiori
1532 534 1652 577 parte,

275 587 312 618 et
340 579 520 618 Romanis
551 574 686 630 etiam‘,
716 582 770 619 uti
801 580 964 631 Syriae,
1004 583 1068 619 ubi
1098 591 1177 620 tum
1206 590 1287 620 erat
1318 582 1350 621 Τ
1355 586 1533 633 rajanus,
1562 585 1654 621 vici-

275 639 371 674 niori
402 639 578 686 incipias,
613 639 758 686 primus
787 638 1020 677 Palaestinae
1062 641 1183 688 gentis
1222 641 1384 688 populus
1422 641 1546 678 vocari
1573 654 1654 678 me-

273 695 347 731 rito
386 693 603 744 possunta).
666 693 805 733 Scribit
841 697 956 744 igitur
996 695 1233 744 Tiberianus,
1276 710 1317 735 se
1365 711 1414 735 ex
1438 693 1650 747 [Galilaeis‚

275 752 340 799 qui
381 753 568 799 provincia
608 752 679 799 ipsi
718 759 940 802 evenerant,
985 753 1166 791 occidisse
1202 750 1298 800 τοὺς
1336 754 1408 792 τοῦ
1451 749 1676 804 δόγματοςΑ
1724 776 1734 783 2

274 809 355 845 τῶν
385 806 603 858 λεγομείτυν
633 808 906 859 λ’ριστιανῶν.
953 807 1064 847 Unde
1093 811 1193 848 enim
1219 808 1443 859 Smnisb),
1473 824 1556 848 cum
1585 809 1655 848 liu-

273 866 336 913 jus
366 866 549 912 epistolae
579 867 771 914 meminit,
813 864 1067 904 Galilaeorum
1106 869 1331 905 mentionem
1359 880 1514 916 prorsus
1543 868 1655 905 omit-

273 922 330 958 tit.
368 919 607 973 Τιβεριανὸς
636 916 884 972 ἡγεμιοίἐύων
904 924 975 961 τοῦ
1000 919 1160 974 πρώτου
1183 923 1470 963 ΙΙῑιλαισῖιίἾυν
1492 920 1655 972 ἔθνους,

275 972 468 1028 ἀνήγαγεν
510 974 619 1030 αὐτῷ
663 978 859 1027 (Trajano)
900 977 1042 1030 λέγων,
1096 974 1150 1025 ὡς
1191 977 1262 1018 οτῖκ
1317 979 1483 1032 ἐπαρκεῖ
1516 977 1654 1018 λοιπὸν

273 1031 369 1080 τοὺς
398 1031 672 1084 >swanawic
715 1031 919 1086 φονεύειν,
961 1035 1115 1073 ἔκειίτυν
1155 1032 1392 1085 αὐτομάτως
1428 1032 1654 1087 ἐπειςαγόν-

272 1105 353 1129 των
383 1087 551 1136 ἑαυτοὺς
580 1092 629 1143 τῇ
659 1087 834 1130 κολάσει.
892 1091 954 1129 Ex
983 1091 1042 1129 his
1072 1094 1188 1142 igitur
1215 1094 1367 1140 probari
1411 1107 1485 1130 non
1516 1099 1654 1141 potest,

273 1154 360 1196 post
413 1155 587 1185 exortum
635 1147 864 1186 Antiochiae
920 1146 1220 1186 Christianorum
1270 1164 1406 1187 nomen
1462 1147 1655 1187 Galilaeos

272 1205 398 1242 vocari
428 1202 570 1241 Christi
610 1212 815 1243 sectatores
853 1207 1107 1243 consuevisse.
1168 1205 1282 1257 Quod
1325 1215 1449 1244 autem
1491 1205 1538 1243 de
1565 1204 1656 1244 AR-

275 1275 405 1300 RiAM
444 1261 526 1299 loco
566 1269 649 1309 est,
693 1261 814 1299 nihilo
843 1263 931 1310 plus
961 1262 1029 1300 illo
1056 1262 1153 1300 effici
1185 1263 1359 1300 arbitror.
1419 1260 1514 1300 Cum
1553 1264 1655 1300 enim

275 1319 314 1355 in
343 1320 536 1366 prooemio
567 1318 652 1355 libri
683 1326 811 1366 aperte
843 1319 1032 1368 fateatur,
1070 1333 1111 1357 se
1152 1318 1310 1368 Epicteti
1346 1333 1540 1358 sermones
1581 1333 1657 1357 non

274 1382 337 1412 aut
367 1389 434 1412 suo
465 1375 604 1421 judicio
632 1376 884 1425 disposuisse,
929 1383 991 1413 aut
1020 1376 1192 1415 dictionis
1222 1377 1406 1425 eleg-antia
1437 1388 1655 1424 exornasse,

275 1431 343 1470 sed
373 1433 592 1480 simpliciter
622 1446 670 1470 ex
700 1446 764 1470 ore
794 1434 964 1482 mag-istri
994 1435 1257 1471 commentaria
1288 1434 1382 1481 sibi,
1426 1434 1520 1480 ipsis
1557 1433 1657 1470 sorte

273 1489 427 1536 verbis,
471 1490 606 1536 quibus
644 1489 711 1528 ille
753 1503 844 1527 usus
883 1498 1005 1538 esset,
1054 1491 1339 1539 conscripsisse,
1379 1491 1570 1536 <nimirum
1615 1495 1656 1526 ut

273 1543 388 1583 hodie
418 1545 497 1583 fere
525 1546 647 1583 solent
675 1548 713 1582 in
743 1547 958 1585 acroasibus
988 1547 1194 1584 Doctorum
1224 1547 1426 1594 discipuli)
1465 1559 1559 1594 quae
1590 1545 1656 1583 de-

274 1602 360 1639 inde
389 1616 430 1641 se
457 1604 574 1639 inscio
604 1603 643 1639 in
671 1602 866 1641 hominnm
895 1617 1028 1641 manus
1059 1605 1317 1651 pervenerint:
1361 1602 1448 1639 hinc
1487 1608 1655 1650 apparet,

274 1658 360 1695 fieri
389 1661 577 1707 potuisse,
617 1667 654 1697 et
693 1660 819 1707 quidni
849 1661 986 1698 factum
1029 1660 1223 1697 dicamus?
1262 1667 1303 1696 ut
1332 1659 1550 1707 Epictetus,
1592 1659 1657 1707 qui

275 1716 345 1753 sub
387 1715 538 1754 Nerone
577 1717 651 1763 jam
693 1717 948 1754 celebritatem
990 1724 1071 1755 erat
1119 1718 1279 1764 aliquam
1321 1719 1565 1764 consecutus,
1618 1721 1657 1752 et

275 1784 396 1820 usque
426 1772 471 1809 ad
501 1771 593 1809 Divi
622 1770 743 1809 Marci
773 1780 938 1821 tempora
979 1781 1171 1821 superstes
1211 1773 1327 1810 fuisse
1357 1773 1553 1820 dicitur-⁰),
1594 1771 1657 1809 vel

276 1843 321 1866 eo
353 1831 435 1876 ipso
466 1835 659 1876 tempore,
691 1843 764 1876 quo
793 1829 841 1867 de
873 1828 1082 1878 Galilaeis,
1122 1831 1285 1877 natione,
1333 1831 1396 1877 qui
1425 1829 1542 1865 iidem
1568 1843 1657 1876 pro-

275 1885 439 1923 fessione
483 1883 685 1922 Christiani
723 1893 871 1933 essent,
924 1887 1055 1923 retulit
1092 1885 1138 1922 ad
1175 1884 1379 1932 Traianum
1418 1883 1661 1934 Tiberianus,

275 1943 314 1979 in
342 1956 472 1980 eorum
502 1943 730 1979 mentionem
759 1942 929 1980 inciderit
942 1939 1004 1990 d):
1045 1956 1140 1991 quae
1177 1940 1283 1978 illius
1313 1941 1408 1978 dicta
1446 1942 1542 1978 bona
1579 1940 1657 1978 fide

276 2000 425 2048 excepit
460 1997 722 2049 Annuuus,
769 2006 808 2038 et
846 1999 894 2038 ad
932 2006 1106 2049 posteros
1149 1999 1369 2037 transmisit.
1426 1996 1529 2036 Illud
1565 2010 1658 2036 vero

323 2176 367 2221 a)
394 2180 485 2214 Nam
519 2180 578 2211 illa
611 2180 760 2212 solennis
785 2179 991 2211 Palaestinae
1024 2180 1059 2211 in
1093 2180 1263 2223 primam,
1302 2176 1487 2211 secundam
1519 2185 1552 2209 et
1581 2185 1657 2210 tei·-

372 2227 454 2257 tiam
488 2224 610 2256 divisio
652 2233 710 2256 aut
733 2226 919 2257 Theodosii
956 2226 1006 2256 Μ.
1032 2227 1233 2267 postremis,
1271 2232 1329 2255 aut
1360 2225 1480 2268 primis
1515 2220 1656 2255 Arcadii

370 2271 583 2312 temporibus
618 2279 711 2305 orta.
746 2271 812 2302 huc
849 2283 916 2303 non
943 2272 1109 2313 pertinet,
1143 2269 1185 2301 de
1220 2282 1285 2313 qua
1317 2269 1390 2301 Jac.
1413 2268 1579 2302 Gothosr.
1611 2267 1658 2301 ad

369 2318 394 2348 l.
421 2317 453 2347 3.
477 2315 515 2346 C.
542 2315 676 2346 Theod.
701 2315 743 2346 de
767 2317 978 2359 protostasia.

323 2359 371 2402 b]
401 2363 441 2392 V.
474 2354 662 2403 Τραϊανός.
1453 2392 1457 2393 ⁷

325 2404 368 2449 c)
395 2407 518 2438 Merito
558 2406 621 2437 hoc
656 2407 821 2448 posterius
855 2407 891 2437 in
927 2404 1073 2437 dubium
1111 2413 1251 2437 vocante
1279 2401 1446 2436 Fabricio
1476 2404 1568 2437 Bibl.
1592 2401 1656 2435 Gr.

370 2451 403 2492 4,
432 2453 463 2483 7.
490 2464 521 2492 ρ.
548 2453 626 2483 259.
651 2462 720 2493 seq.
758 2460 790 2482 et
812 2460 888 2482 aute
912 2452 1016 2482 illum
1050 2448 1097 2482 Η.
1125 2448 1320 2483 Dodwello
1359 2450 1441 2482 diss.
1476 2449 1518 2480 de
1553 2456 1658 2481 aetate

370 2497 499 2539 Pei-{pu
525 2498 628 2527 maris
652 2496 778 2527 Euxini
803 2495 831 2537 ἓ.
855 2497 887 2528 7.
923 2508 1016 2538 seqq.
1047 2497 1105 2529 ubi
1137 2499 1272 2540 copiose
1304 2494 1536 2533 demonstrat,
1568 2496 1657 2526 ultra

371 2542 537 2574 Hadriani
560 2553 690 2573 annum
714 2552 772 2573 xx.
799 2554 866 2573 nou
892 2543 1027 2574 vixisse.

327 2583 376 2630 d)
402 2588 474 2620 Sub
499 2585 640 2628 Trajani
667 2595 755 2618 certe
780 2588 926 2628 imperio
951 2598 1125 2618 sermones
1157 2587 1236 2619 illos
1258 2587 1300 2619 ab
1325 2586 1480 2629 Epicteto
1514 2585 1656 2624 habitos,

375 2634 519 2677 probant.
547 2629 686 2665 Fabric.
712 2633 736 2666 1.
762 2643 792 2666 c.
818 2640 851 2666 et
879 2628 1094 2665 Dodwellus
1117 2632 1142 2666 1.
1168 2644 1197 2666 c.
1222 2630 1253 2674 §.
1279 2633 1332 2663 12.
1546 2644 1548 2647 v
