1758 3125
294 220 695 254 rumoni-mmm
731 221 1089 255 mssx-:nTAnm
1330 208 1422 251 079

46 339 123 384 στά
167 356 210 395 γε
260 343 332 381 τοῦ
373 343 572 392 τιμᾶσθαι
610 339 707 389 ‘tovi-9*
744 339 891 392 θεοὺς,
952 333 1000 381 οὗ
1039 338 1084 381 τὸ
1123 338 1300 380 ἐναντίον
1336 337 1425 392 ἐζή-

44 404 201 446 τουνῑῑ).
270 398 348 438 Eos
398 401 516 449 igitur
568 400 693 438 caedis
742 414 828 438 reos
878 400 987 448 facit,
1036 400 1099 448 qui
1138 413 1212 436 uon
1251 399 1427 437 vivebant

45 457 248 495 secundum
288 457 419 507 legeS,
459 459 738 506 superstitiosas
768 457 912 494 scilicet
944 464 981 494 et
1010 451 1286 494 id'ololatricum
1316 455 1426 504 quid-

45 527 156 562 quam
197 513 401 559 habentes‚
465 516 603 562 quique
644 513 750 552 Deos
795 514 867 550 coli
910 527 1021 562 aegre
1063 513 1254 559 serebant,
1310 513 1425 550 verbo

44 569 294 609 Christianos.
365 569 473 614 Vix,
513 572 574 618 qui
618 569 711 608 haec
750 584 835 607 cum
876 584 962 608 cura
989 571 1187 618 inspiciet,
1229 569 1425 616 dubitabit,

44 625 279 665 Christianos
317 628 393 675 peti
434 629 473 665 in
501 626 759 676 Philopatride
795 641 885 676 eos,
925 628 990 676 qui
1023 627 1124 665 male
1151 625 1302 664 Juliano
1333 627 1426 664 omi-

43 686 126 722 nari
153 685 300 721 fueraut
331 685 427 723 ausi.

120 739 376 792 *XXXVIIL
427 739 645 789 Antequam
697 741 742 778 ab
797 742 846 778 iis
887 741 1119 790 argumentis
1175 739 1427 788 discedamus,

45 810 141 847 quae
183 812 233 836 ex
260 798 411 846 publica
441 812 568 835 rerum
598 798 718 844 facie,
762 799 885 846 qualis
915 811 958 835 ea
989 804 1068 834 tum
1098 804 1204 846 erat,
1247 803 1332 834 sunt
1363 796 1429 834 de-

44 861 216 904 promta,
259 855 332 892 duo
372 857 474 903 juvat
513 856 641 902 paucis
671 855 869 904 attingere.
928 853 1055 892 Unum
1085 860 1167 902 est,
1212 853 1360 891 laudari
1390 854 1429 890 in

43 902 305 960 Philopatride
334 911 452 948 laetas
481 910 640 948 Romani
669 923 732 948 res
759 912 928 960 imperii,
969 918 1006 947 et
1034 910 1253 948 felicitatem
1284 917 1430 958 tempo-

43 981 153 1017 rum,
192 981 276 1005 cum
305 968 620 1016 interrogantibus
650 965 900 1016 Christianis,
942 967 1034 1015 quid
1065 974 1240 1016 ageretur
1268 967 1306 1003 in
1336 967 1430 1003 urbe

44 1030 85 1062 et
120 1025 161 1062 in
197 1023 369 1061 mundo?
417 1023 620 1072 respondet
659 1021 815 1061 Critias:
852 1021 1045 1075 χαίρουσί
1069 1036 1109 1074 γε
1141 1019 1308 1071 πάντες,
1362 1021 1429 1060 καὶ

43 1075 101 1119 ἔτι
130 1094 172 1132 γε
195 1075 461 1132 χαρήσονται.
504 1078 747 1118 ΑΜΜιΑΝυε
777 1087 902 1118 autem
929 1078 1238 1118 MAaanmus
1270 1084 1349 1128 22,
1387 1083 1429 1119 9.

43 1143 231 1185 testatur,
271 1137 359 1174 dum
387 1136 561 1175 Julianus
590 1138 790 1184 imperium
822 1144 967 1174 teneret
995 1137 1126 1185 solus,
1169 1150 1239 1174 uec
1267 1136 1431 1173 motibus

45 1194 206 1231 internis
258 1207 343 1231 esse
393 1195 577 1231 concitum
630 1194 759 1231 orbem
797 1191 1031 1241 Romanum,
1080 1207 1150 1231 nec
1188 1193 1430 1230 barbarorum

46 1263 274 1299 quemquam
316 1251 521 1288 exsiluisse
558 1248 667 1289 fines,
735 1247 916 1287 Alterum
950 1257 1075 1287 autem
1101 1249 1174 1287 hoc
1205 1257 1287 1298 est,
1331 1249 1432 1297 quod

45 1319 143 1355 quae
184 1305 270 1356 περὶ
310 1307 390 1345 τῶν
431 1305 653 1354 ἓξισωτῶν,
693 1305 739 1344 (le
777 1307 1141 1355 Peraequatoribus,
1183 1308 1222 1343 in
1252 1305 1433 1354 Philopa-

46 1363 144 1401 tride
185 1363 381 1411 dicuntur,
435 1365 474 1400 in
502 1361 643 1400 Juliani
680 1369 849 1411 tempora
889 1370 926 1401 et
963 1364 1046 1410 ipsa
1086 1363 1260 1400 videntur
1297 1377 1432 1400 conve-

45 1421 143 1458 nire.
203 1418 284 1457 Sed
321 1419 411 1469 quid
452 1420 647 1468 probabile
686 1418 758 1456 hac
796 1419 843 1457 de
883 1434 925 1458 re
957 1420 1067 1457 nobis
1095 1420 1433 1469 videatur,·dixi-

48 1490 132 1514 mus
162 1477 200 1514 in
229 1478 328 1514 notis
357 1476 406 1514 ad
435 1490 467 1515 c.
501 1480 567 1516 19.
599 1477 904 1514 obscurissimum
934 1478 973 1513 in
1003 1483 1081 1513 toto
1112 1476 1262 1526 dialogo
1291 1477 1431 1525 locum,

46 1533 89 1571 in
127 1534 263 1582 quibus
299 1535 413 1572 etiam
448 1535 716 1581 exposuimus,
760 1546 855 1581 quae
894 1532 941 1570 de
971 1532 1213 1572 Cretensium
1243 1535 1432 1582 virginum

47 1589 162 1628 caede
197 1591 236 1627 in
264 1589 526 1639 Philopatride
567 1604 600 1628 c.
640 1594 680 1628 9.
719 1596 952 1640 memorata,
992 1603 1104 1637 quam
1141 1603 1211 1627 nec
1251 1591 1373 1638 ipsam
1412 1602 1433 1626 a

45 1644 191 1686 Juliani
240 1654 361 1686 aetate
412 1646 614 1685 abhorrere
667 1647 910 1695 conjicimus,
963 1654 1091 1684 nostra
1135 1648 1185 1684 sit
1235 1648 1432 1685 sententia.

47 1701 257 1754 Pergamus
285 1698 403 1753 igitur
432 1703 479 1741 ad
507 1717 575 1751 ea,
608 1717 704 1752 quae
730 1709 886 1741 restant.

134 1758 346 1800 XXXIX.
374 1759 530 1799 Scilicet
557 1767 621 1798 aut
649 1761 830 1809 exiguum
872 1773 1027 1798 caussae
1055 1773 1162 1797 meae
1203 1765 1242 1797 et
1283 1764 1434 1797 senten-

48 1818 124 1855 tiae
162 1817 392 1865 praesidium
431 1820 470 1855 iu
509 1830 553 1855 eo
597 1817 771 1865 colloco,
823 1816 923 1864 quod
965 1823 1094 1854 auctor
1135 1816 1300 1865 dialogi,
1350 1830 1435 1853 cum

48 1874 152 1912 clare
190 1873 284 1911 adeo
313 1882 351 1912 et
385 1874 586 1923 perspicue
615 1871 841 1911 Christianis
880 1872 1039 1922 illudat,
1081 1875 1164 1921 ipso
1204 1879 1328 1909 tamen
1363 1871 1435 1910 hoc

51 1931 374 1969 excellentissimo
401 1929 700 1968 Christianorum
725 1930 877 1966 nomine
905 1943 980 1966 non
1009 1930 1142 1978 utitur,
1171 1929 1239 1967 sed
1269 1927 1435 1967 Galilae-

49 2000 173 2025 orum.
231 1985 343 2038 Quae
372 2001 435 2025 res
463 1987 527 2024 vel
557 1987 639 2024 sola
667 1987 700 2023 si
730 1992 852 2033 esset,
882 1986 1115 2032 probabilem
1144 1986 1256 2022 alicui
1285 1993 1435 2023 senteu-

51 2044 164 2090 tiam,
207 2056 321 2091 quam
359 2042 630 2084 defendendam
660 2042 834 2089 suscepi,
876 2041 1064 2079 redderet.
1123 2040 1204 2079 Sed
1239 2055 1323 2079 etun
1359 2056 1435 2079 non

22 2111 24 2114 ’
51 2098 200 2148 desint,
231 2113 329 2147 quae
359 2101 456 2137 circa
485 2098 580 2137 hanc
609 2099 902 2147 appellationem
931 2099 1098 2148 moveri,
1138 2112 1209 2136 nec
1247 2099 1330 2136 sine
1368 2098 1435 2136 do·

53 2157 309 2195 ctissimorum
336 2157 507 2194 virorum
535 2155 750 2204 suffragiis,
785 2161 961 2203 possent,
1000 2168 1063 2193 res
1101 2156 1277 2192 universa
1306 2155 1435 2202 paullo

54 2220 114 2252 est
152 2212 265 2250 altius
308 2212 524 2260 repetenda.
585 2210 665 2249 Sub
715 2213 836 2259 prima
874 2212 931 2249 rei
981 2209 1282 2249 Christianorum
1315 2213 1433 2259 initia,

54 2271 121 2318 qui
149 2270 421 2307 sanctissimam
449 2270 651 2306 servatoris
677 2269 798 2306 nostri
827 2267 1064 2316 disciplinam
1097 2275 1223 2305 essent
1251 2269 1434 2316 amplexi,

54 2324 267 2376 μαθηταὶ,
296 2325 368 2363 hoc
397 2332 478 2373 est,
521 2325 700 2373 discipuli
732 2325 983 2363 vocabantur:
1035 2325 1082 2362 ab
1119 2325 1281 2362 inimicis
1312 2332 1436 2363 autem

56 2381 247 2433 Galilaei,
273 2383 441 2431 itemque
470 2380 681 2431 Nazareni,
721 2395 743 2420 a
783 2383 905 2430 patria
941 2381 1094 2423 ductum
1121 2379 1263 2422 Christi
1290 2388 1436 2422 utrum-

103 2524 411 2605 ⁸)F12rilibffbf’
432 2528 598 2604 gratioqe
615 2524 677 2604 ⁷de
694 2525 931 2605 dafindiccclznda
954 2525 1099 2592 Iuliani
1127 2537 1232 2581 nece,
1265 2529 1436 2605 (3¹3me

149 2584 212 2650 ndzs
243 2584 501 2652 admisit-’Vidi
520 2586 692 2661 'viimi-imit
718 2583 811 2659 igin}-
844 2582 1251 2663 gigmgzaepesffipffiffss
1286 2585 1440 2652 miiitiae

148 2672 249 2708 sunt,
273 2675 358 2707 quae
380 2673 494 2698 narrat
518 2662 579 2698 Jo.
603 2662 758 2698 Malata
781 2665 910 2700 Chron.
934 2665 975 2700 P·
996 2667 1030 2697 2.
1057 2676 1133 2708 pag.
1157 2666 1213 2698 21-
1233 2675 1304 2707 seq·
