1768 3125
87 210 102 218 ,
268 191 1138 225 1NP111L01‘ATRIN.
1329 186 1423 229 579

48 330 71 354 a
96 312 210 354 Mose
237 314 345 362 fieri,
376 321 418 352 ut
448 328 493 353 eo
522 314 642 362 magis
671 311 865 350 hominnm
895 314 1038 351 animos
1068 312 1114 351 ab
1143 309 1422 370 eorum‘cultu,

49 384 88 422 id
115 390 185 431 est,
216 384 475 430 antiquissimo
504 384 647 430 pariter
671 388 707 418 ct
733 381 1000 419 absurdissimo
1029 382 1265 423 idololatrias
1285 400 1423 436 genere

47 456 247 489 averteret.
306 449 348 487 Si
378 452 476 487 enim
507 457 629 488 creata
658 456 744 486 sunt
774 462 794 485 a
824 448 909 486 Deo
938 448 1077 498 sidera,
1116 452 1259 502 quidni,
1290 456 1422 496 relicto

48 517 272 565 architecto,
322 517 503 556 honorem
539 518 690 567 opificio
729 516 900 567 deferre,
940 523 1130 557 extremae
1173 520 1271 559 soret
1298 522 1422 564 stulti-

46 587 148 624 tiae?
209 585 345 624 Gnsx.

132 653 220 692 ead.
251 654 279 691 l.
312 658 351 692 9.
383 646 626 702 Δρόμον]
681 645 845 690 Τούτων
884 649 971 690 hinc
1002 652 1099 691 forte
1129 651 1269 690 excidit
1300 654 1424 703 neg-li-

47 724 172 772 gentia
202 723 360 759 librarii.
403 720 565 758 GUYET.
626 719 731 772 Quid
758 733 957 768 operarum
994 722 1247 770 negligentiae
1286 723 1325 758 in
1352 721 1424 760 hoc

46 791 146 828 libro
176 789 445 837 describendo,
477 789 613 837 quidve
642 789 763 836 ipsius
793 789 956 824 auctoris
985 796 1160 836 corrupto
1188 789 1327 837 judicio
1355 792 1424 828 tri-

46 857 236 895 buendum
265 859 338 905 sit,
382 856 539 894 difficile
578 863 636 894 est
662 856 800 902 ubique
830 854 1002 893 definire.
1059 854 1140 895 Nec
1178 855 1218 895 h.
1257 857 1284 895 l.
1315 859 1424 907 equi-

47 925 134 962 dem
163 924 365 973 quidquam
393 924 583 961 definiam.
642 922 794 960 Lnnm.

74 1040 78 1044 ⁸
130 990 221 1030 ead.
251 992 278 1028 l.
312 996 378 1030 10.
405 988 481 1029 Ἐκ
510 987 579 1041 μὴ
608 985 630 1029 ὅ
645 1004 739 1028 vvcc)
752 994 799 1037 v]
847 988 978 1029 Ηεόν.
1010 988 1108 1041 ·ΧΙ,
1143 996 1183 1030 3.
1214 990 1352 1032 dicitur
1380 991 1423 1033 ἔκ

45 1055 103 1109 μὴ
134 1057 400 1111 φαινομέιίυν.
459 1058 556 1097 Nota
584 1067 641 1096 ost
669 1057 984 1097 Exuconte'orum
1011 1058 1204 1110 haeresis,
1235 1060 1334 1109 quod
1355 1076 1424 1101 no-

47 1128 161 1164 minis
195 1128 236 1164 in
265 1141 347 1165 eam
376 1125 613 1165 Arianorum
641 1133 781 1164 sectam
819 1127 1033 1177 dicebatur,
1074 1129 1137 1176 qui
1175 1128 1423 1181 affirmabant,

48 1191 192 1232 Christi
228 1196 430 1232 servatoris
467 1194 628 1232 divinam
669 1196 782 1232 etiam
820 1201 992 1232 naturam
1033 1193 1074 1240 ἐξ
1125 1191 1196 1232 οὐκ
1238 1192 1364 1235 ὄντων
1400 1213 1424 1238 a

47 1260 134 1299 Deo
165 1275 249 1300 esse
277 1262 509 1311 productam.
569 1261 678 1300 Unde
707 1263 797 1300 satis
826 1269 982 1312 constat,
1014 1261 1247 1302 Christianos
1268 1266 1424 1305 illorum

48 1336 261 1378 temporum
309 1329 357 1368 de
398 1331 584 1368 creatione
628 1331 704 1378 ita,
750 1336 792 1368 ut
828 1329 889 1368 hic
927 1338 1079 1381 noster,
1125 1332 1233 1380 loqui
1273 1334 1423 1375 solitos.

51 1395 189 1435 GEsN.

132 1463 221 1504 ead.
253 1463 280 1502 l.
315 1468 381 1503 12.
407 1460 482 1502 Ἐν
520 1462 756 1514 βίβλοις]
795 1463 901 1503 Haec
930 1473 1051 1504 sumta
1080 1479 1129 1504 ex
1156 1466 1290 1515 Apoc.
1319 1466 1423 1520 XX,

49 1537 117 1572 12.
148 1537 187 1571 2.
225 1531 361 1571 Thess.
391 1530 426 1581 I,
459 1537 495 1570 6.
526 1532 627 1572 Act.
657 1531 805 1583 XVII,
851 1538 918 1573 31.
958 1536 1079 1582 quivis
1107 1534 1224 1573 videt.
1285 1534 1422 1576 GESN.

132 1599 219 1639 ead.
257 1600 287 1638 I.
331 1605 399 1639 13.
442 1595 536 1638 “Hv
591 1594 839 1653 ἦμέρανῙ
881 1599 1052 1640 Subaudi
1098 1599 1203 1640 καθ’
1254 1597 1302 1653 ἣν
1350 1599 1423 1656 ἧμ.

50 1665 220 1706 Gru-ET.

132 1735 220 1774 ead.
252 1733 281 1774 ἶ.
316 1738 381 1774 14.
426 1732 501 1774 Τὰ
544 1732 597 1774 δὲ
635 1736 735 1774 τῶν
773 1734 1027 1789 ΖΙῙοιρῶν]
1077 1733 1172 1775 Cum
1213 1735 1259 1775 de
1296 1740 1425 1786 provi·

49 1803 175 1842 dentia
203 1800 280 1841 Dei
309 1804 525 1851 loquentem
568 1803 671 1841 audit
711 1803 982 1852 Triephontem
1014 1803 1173 1853 Critias,
1211 1804 1312 1842 haud
1353 1808 1425 1843 im-

49 1872 181 1909 merito
221 1872 260 1908 in
297 1874 461 1909 mentem
501 1873 561 1909 illi
600 1873 701 1910 venit
737 1872 890 1909 absurdi
929 1873 1037 1909 istius
1076 1870 1278 1909 Parcarum
1321 1886 1425 1910 com-

47 1935 176 1978 menti.
236 1936 437 1976 Caeterum
465 1939 565 1987 quod
594 1940 760 1987 plurium
788 1953 943 1976 numero
981 1938 1116 1975 dicitur
1154 1934 1425 1991 ἕγχαράττου-

0 2034 1 2056 ³
48 2021 132 2055 σιν,
163 2005 260 2044 illud
289 2007 459 2043 absolute
488 2013 526 2044 et
555 2007 661 2053 quasi
701 2006 1006 2053 impersonaliter
1046 2007 1211 2053 positum
1250 2008 1423 2057 arbitror,

49 2074 130 2112 fere
159 2080 200 2111 ut
227 2071 391 2120 Ebraei,
426 2086 509 2110 cum
539 2073 586 2110 de
615 2072 700 2110 Deo
730 2075 842 2110 etiam
870 2073 1102 2121 loquuntur,
1142 2074 1327 2121 pluralem
1354 2089 1425 2112 nu—

50 2155 194 2179 merum
224 2154 336 2188 saepe
366 2139 565 2189 adhibent,
609 2141 668 2177 cui
697 2147 820 2177 tamen
850 2139 982 2188 phrasi
1012 2140 1155 2189 aliquid
1185 2143 1309 2178 arcani
1338 2155 1425 2180 sen-

50 2222 138 2258 sus,
175 2214 212 2246 et
250 2209 421 2246 umbram
450 2208 585 2245 saltem
614 2206 807 2245 Trinitatis
837 2209 961 2245 inesse
979 2235 990 2255 ,
1029 2222 1104 2245 non
1132 2216 1189 2245 est
1216 2223 1282 2246 eur
1308 2223 1424 2259 neg-e-

50 2289 150 2316 muS.
209 2275 314 2314 Fieri
343 2277 456 2312 etiam
483 2282 628 2323 potest,
657 2282 699 2312 ut
728 2276 939 2323 respexerit
970 2274 1109 2312 Critias
1139 2276 1186 2312 ad
1204 2290 1424 2324 expressam

50 2345 165 2382 trium
205 2345 244 2381 in
284 2343 476 2380 divinitate
512 2342 775 2392 hypostasewv
813 2344 1054 2380 mentionem.
1115 2341 1314 2381 Caeterum
1354 2359 1423 2392 po-

52 2420 133 2451 stea
161 2417 199 2448 et
227 2409 299 2448 hoc
338 2410 438 2448 idem
465 2412 624 2448 verbum
667 2411 832 2458 plurium
861 2424 1016 2448 numero
1059 2413 1237 2459 recurrit,
1276 2417 1314 2449 et
1354 2426 1423 2450 ex-

51 2486 174 2518 emtae
203 2479 357 2516 actionis
385 2478 519 2527 verba,
558 2492 654 2526 quae
693 2484 825 2517 vocant
853 2476 1194 2516 Grammaticorum
1222 2478 1315 2528 filii,
1358 2493 1422 2517 eo-

51 2547 139 2586 dem
165 2559 324 2584 numero
352 2544 578 2583 efferuntur:
610 2542 874 2597 ἐκπέμψωσι,
909 2540 1293 2599 ἕπιστρωννύσουσι,
1323 2560 1421 2585 κατ-

52 2608 215 2663 άξουσι,
244 2627 282 2652 κ.
311 2626 348 2652 τ.
378 2613 415 2652 λ.
475 2610 614 2652 (ΞΕΞΝ.

1003 2736 1133 2776 002
