1740 3095
275 163 370 206 650
655 175 728 207 ma
764 173 971 207 AETATE
1011 173 1079 206 m·
1114 171 1350 206 Aue-roim

274 296 411 334 stiam's
437 297 590 334 sanxit.
648 292 881 348 Κωμῳδίας
918 295 1006 333 illas
1045 294 1143 343 apud
1171 293 1423 343 Theophilum
1461 308 1537 333 nou
1579 296 1646 334 ob-

274 365 436 402 servavi.
494 362 572 401 Sed
602 363 691 411 quid
719 377 831 411 porro
860 362 1119 402 Dodwellus?
1177 352 1231 401 In
1260 361 1392 400 eadem
1426 363 1522 402 urbe
1545 363 1647 402 Ale-

272 429 454 468 xandria
491 432 677 478 scriptum
705 428 959 479 Philopatrin
996 440 1222 479 argumento
1259 444 1338 468 esse
1368 430 1648 470 Alexandrini

276 501 413 536 mensis
440 512 576 535 nomen
604 497 760 535 Mesori
788 500 840 543 (c.
873 500 972 542 22).
1006 496 1121 551 Quod
1148 507 1274 535 ccutem
1296 497 1456 536 Arabes
1483 496 1650 536 hostibus

277 565 553 612 accensentur,
591 562 640 616 (c.
685 570 769 612 28.)
807 564 853 602 id
880 567 1051 617 facere,
1093 580 1141 604 ne
1180 568 1265 618 quis
1304 566 1405 603 alius
1444 565 1647 616 Princeps,

270 643 433 682 praeter
471 633 678 681 Severum,
716 632 884 681 intelligi
918 635 1043 681 possit
1083 641 1155 672 etc.
1215 631 1366 671 Similia
1404 640 1511 682 sunt,
1555 648 1650 682 quae

281 701 445 749 disputat
485 699 608 738 Prael.
651 699 829 738 Camden.
875 704 915 739 7.
951 715 989 749 p.
1030 705 1124 740 307.
1166 715 1247 750 seq.
1299 701 1442 752 Quanti
1480 715 1524 739 ea
1559 703 1649 751 sint,

279 781 366 806 cum
396 768 547 806 aliunde
577 781 625 806 ex
653 766 722 805 hac
750 767 1012 805 dissertatione
1048 776 1086 807 et
1113 770 1410 806 annotationibus
1446 768 1493 806 ad
1519 768 1651 807 Philo-

276 838 400 885 patrin
429 837 565 873 nostris
593 842 763 873 constare
793 842 938 885 potest,
967 843 1045 873 tum
1066 837 1148 884 ipse
1175 836 1350 874 indicavit
1368 835 1649 887 DODWELLUS,

280 905 344 952 qui
385 905 422 940 in
458 905 579 941 literis
622 903 668 940 ad
710 901 944 951 Moumm,
988 917 1080 951 quas
1115 904 1243 951 paullo
1276 911 1362 952 post
1399 905 1651 954 laudabimus,

279 985 415 1009 novam
454 972 676 1008 sententiam
714 969 984 1007 defendendam
1024 972 1254 1019 susceperit,
1298 973 1479 1020 scriptum
1515 986 1650 1021 nempe

279 1039 454 1076 libellum
482 1036 535 1075 A.
567 1036 611 1075 C.
645 1051 785 1075 cccxi.
816 1037 862 1073 ad
891 1044 1076 1075 recentem
1104 1040 1279 1076 nuncium
1310 1040 1508 1087 victoriae,
1539 1054 1650 1088 quam

279 1119 302 1143 a
330 1104 457 1142 Persis
488 1103 711 1141 Odenathus
740 1105 923 1141 retulerit,
982 1104 1092 1155 Quae
1123 1105 1256 1142 deinde
1296 1120 1365 1153 pro
1396 1114 1522 1143 nostra
1551 1106 1652 1144 dice-

281 1186 367 1209 mus
396 1173 600 1218 sententia,
641 1185 685 1209 ea
721 1170 808 1209 huic
847 1174 1083 1220 conjecturae
1113 1172 1334 1210 evertendae
1362 1179 1536 1222 putamus
1565 1172 1651 1211 sus-

280 1240 408 1279 ficere.

371 1307 490 1346 XVI.
525 1306 710 1345 Perduxit
757 1321 825 1346 nos
863 1308 954 1346 ordo
990 1308 1251 1357 disputationis
1290 1304 1480 1346 institutus
1519 1308 1567 1346 ad
1607 1323 1653 1347 ea
1690 1311 1692 1313 ’

284 1383 501 1425 argumenta
518 1405 529 1425 ,
570 1389 591 1413 e
631 1376 766 1424 quibus
805 1377 1032 1425 generatim,
1075 1375 1235 1413 Luciani
1273 1390 1347 1414 non
1389 1390 1474 1414 esse
1511 1377 1653 1414 foetum

284 1441 545 1492 Philopatrin,
582 1444 711 1492 colligi
740 1457 852 1491 posse
881 1450 1070 1492 putamus.
1129 1442 1227 1481 Nam
1267 1444 1359 1493 illa,
1400 1457 1497 1492 quae
1531 1445 1653 1492 junio-

283 1524 363 1548 rem
391 1509 561 1548 Luciano
598 1517 787 1548 auctorem
825 1511 1026 1560 suadeant,
1067 1509 1127 1548 his
1163 1511 1423 1559 subjimcturos
1460 1525 1528 1549 nos
1568 1525 1652 1549 esse

283 1578 462 1616 diximus.
520 1577 587 1616 Ad
615 1577 710 1616 hanc
744 1580 860 1627 igitur
894 1579 1078 1629 classem,
1114 1585 1264 1626 praeter
1301 1592 1365 1627 ea,
1406 1592 1503 1626 quae
1539 1578 1651 1617 modo

284 1652 412 1683 contra
440 1644 730 1682 BLONDELLUM
760 1652 872 1694 atque
902 1645 1135 1684 GnouemM
1154 1646 1358 1694 Burnum,
1386 1647 1488 1684 viros
1516 1646 1654 1685 doctis-

284 1714 426 1761 simos,
456 1713 641 1760 disputata
669 1719 782 1761 sunt,
821 1727 895 1749 non
924 1713 1052 1749 dubito
1079 1715 1200 1760 primo
1229 1714 1311 1751 loco
1346 1713 1514 1762 referre,
1553 1713 1653 1762 quod

283 1782 405 1828 major
442 1781 480 1816 in
519 1778 590 1817 hoc
625 1780 773 1829 dialogo
804 1779 1118 1828 deprehenditur,
1156 1794 1267 1828 quam
1305 1782 1343 1817 in
1370 1778 1531 1818 Luciani
1560 1783 1653 1818 scri-

282 1849 373 1896 ptis,
403 1845 698 1884 Christianarum
721 1861 846 1885 rerum
867 1849 1014 1895 peritia.
1073 1846 1256 1898 Quisquis
1281 1848 1500 1896 diligentius
1526 1848 1653 1895 paullo

282 1913 396 1962 hujus
424 1915 496 1951 viri
525 1915 894 1951 commentationibus
932 1914 1102 1963 legendis
1133 1914 1354 1963 attenderit,
1383 1915 1653 1953 animadvertet

283 1982 451 2031 profecto
482 1988 707 2029 perpetuum
733 1981 812 2019 fere
841 1981 943 2019 illins
972 1995 1138 2030 morem,
1169 1988 1234 2030 ut,
1272 1983 1310 2018 in
1341 1996 1497 2030 quarum
1525 1996 1652 2020 rerum

283 2050 510 2086 mentionem
539 2049 732 2097 inciderit,
763 2035 829 2086 eas
855 2062 939 2098 res,
968 2056 1142 2097 tanquam
1169 2063 1237 2097 per
1265 2049 1529 2099 digressiones,
1559 2064 1651 2098 quas

284 2123 418 2154 vocant
443 2115 652 2154 Rhetorum
682 2116 777 2164 filii,
808 2118 1025 2164 perspicue,
1055 2117 1256 2164 verbisque
1284 2118 1459 2165 negotio,
1501 2117 1549 2154 de
1578 2132 1652 2166 quo

284 2185 430 2232 agitur,
463 2198 574 2231 quam
603 2184 806 2230 aptissimis
834 2183 1022 2233 declaret,
1052 2198 1125 2232 quo
1154 2185 1259 2231 ipso,
1290 2197 1514 2231 quamquam
1538 2185 1653 2222 inter-

286 2251 373 2288 dum
402 2265 475 2288 non
504 2251 667 2288 taedium
695 2251 923 2299 lectoribus,
963 2253 996 2288 si
1025 2252 1089 2300 qui
1118 2257 1204 2288 sunt
1228 2250 1486 2301 delicatiores,
1527 2265 1652 2289 creare

287 2331 361 2355 non
389 2324 534 2366 potest3
564 2317 651 2354 facit
679 2324 824 2366 tamen,
854 2324 917 2367 ut,
948 2332 1031 2355 cum
1059 2319 1213 2356 minime
1241 2325 1373 2366 putes,
1407 2319 1567 2366 plurima
1593 2318 1651 2355 di-

287 2399 393 2433 scas,
425 2385 471 2422 ad
496 2397 642 2422 omnem
671 2382 886 2433 historiam,
925 2386 1151 2433 populorum
1180 2387 1298 2434 ritus,
1339 2386 1524 2423 claroriun
1551 2387 1659 2425 viro-·

287 2466 372 2489 rum
400 2450 691 2500 pernoscendam
719 2451 904 2498 indolem,
946 2453 1098 2502 linguae
1132 2453 1244 2490 etiam
1271 2455 1557 2502 proprietatem,
1593 2459 1651 2490 to-

288 2525 364 2555 tam
393 2519 551 2566 denique
575 2517 814 2556 luunanitatis
848 2518 1081 2566 disciplinam
1119 2521 1276 2557 nimimn
1313 2526 1488 2568 quantum
1522 2519 1649 2567 profu-

291 2592 387 2624 tura.
445 2584 550 2636 Quin
580 2598 623 2623 ea
659 2586 739 2633 ipsa
775 2587 869 2623 ratio
907 2593 986 2634 est,
1023 2593 1065 2624 ut
1101 2585 1288 2635 quoddam
1308 2583 1552 2636 Ἀμαλθείας
1583 2583 1648 2623 κέ-

291 2665 389 2704 ρας,
420 2659 482 2691 aut
510 2665 622 2691 cornu
651 2653 778 2702 copiae
807 2653 924 2692 bonae
953 2654 1071 2704 frugis
1098 2655 1382 2704 plenissimum,
1425 2666 1537 2702 opera
1565 2655 1647 2697 eius
