1768 3125
316 181 1117 214 1NsArunNAnlA.
1354 173 1447 215 321

73 307 242 345 Jmcian.
272 306 384 344 etiam
414 317 528 353 supra
557 301 672 342 Rhet.
701 301 834 341 Praec.
876 316 959 352 cap.
1001 306 1042 343 8.
1078 303 1108 343 f.
1165 301 1217 342 Et
1244 304 1333 343 alibi
1377 307 1450 355 bis,

74 385 144 425 ter,
175 383 215 412 ut
244 374 339 411 infra
368 387 449 421 cap.
483 377 549 410 20.
579 381 651 410 etc.
709 369 859 409 Rmrz.

164 441 266 490 Pag.
299 446 339 480 9.
366 441 394 478 I.
428 446 467 479 2.
498 439 789 492 Χρυσοῖ..]
820 437 979 476 Alludit
1005 453 1080 478 non
1107 439 1156 478 ad
1184 454 1336 479 auream
1365 449 1452 481 tan·-

75 519 155 549 tum
185 516 359 558 aetatem,
389 508 457 547 sed
484 508 532 546 ad
560 509 686 546 locum
713 506 882 546 Hesiod.
910 503 1016 560 Ἐργ.
1055 512 1149 547 109.
1209 508 1302 548 Vid.
1347 511 1452 552 Cler.

73 577 165 617 Art.
197 575 291 615 Crit.
323 592 361 626 p.
395 581 492 615 223.
530 574 684 614 SOLAN.
743 574 951 614 Commode
972 578 1085 614 etiam
1114 576 1280 617 Belinus
1309 581 1454 619 confert

73 648 199 685 locum
235 644 431 683 Theocrit.
461 643 582 694 Idyll.
612 643 711 693 XII,
743 648 809 682 16.
839 645 904 681 ubi
932 643 1009 682 vid.
1040 643 1206 684 Harles.
1253 645 1397 686 LEHM.

159 712 247 752 ead.
275 714 304 751 l.
337 718 376 752 7.
405 709 524 764 Ἐγώ
554 709 630 761 δὲ,
671 703 704 750 ὦ
733 706 932 763 Κρόνε,
978 710 1066 749 καὶ
1108 713 1283 752 ταῦτα
1312 711 1453 753 εἴκα-

76 781 163 830 ζον
193 781 273 827 εἷς
301 777 430 827 τοὺς
475 775 708 824 δούλους
745 777 837 816 καὶ
867 777 1228 832 παιδοτρίβας
1257 778 1454 834 (pelaiz)-

75 852 302 903 θρωπον
333 847 384 886 ἐκ
414 848 503 886 τοῦ
532 842 714 897 μύθου
745 844 949 884 ἐκείνου
991 851 1162 886 ποιεῖν
1196 853 1277 896 σε]
1321 849 1453 889 Verti-

74 927 155 957 tur:
186 917 249 955 „At
277 931 360 965 ego,
390 916 578 963 Satur-ne,
608 915 868 966 conjecturam
895 912 996 954 Ῐιαησ
1030 913 1088 953 ad
1113 929 1241 955 servos
1279 927 1314 955 et
1351 919 1454 957 Indi-

73 988 276 1034 magistros
301 982 548 1037 referebam,
590 985 703 1034 quasi
742 981 831 1021 ideo
859 982 931 1020 tibi
947 982 1105 1035 fabula
1128 984 1316 1024 tribueret
1358 1002 1455 1037 erga

73 1053 140 1092 hos
167 1051 454 1090 humanitatem.
503 1050 693 1100 Equidem
723 1053 776 1089 sic
803 1051 1026 1090 vertendum
1057 1054 1252 1092 existimo:
1283 1056 1347 1093 At
1368 1070 1453 1105 ego,

73 1122 260 1170 Saturne,
291 1135 311 1158 e
327 1119 485 1173 fabula
513 1121 591 1157 ista
619 1118 893 1172 conjiciebam,
934 1118 1005 1158 Ῐιοο
1041 1128 1078 1157 te
1093 1121 1244 1173 facere
1271 1137 1357 1162 cum
1383 1122 1453 1163 Ιιιι-

74 1192 259 1228 munitate
286 1192 327 1226 in
355 1203 482 1226 servos
510 1197 546 1226 et
567 1187 870 1237 ludimagistros.
929 1186 1136 1226 mem.

162 1256 251 1294 ead.
282 1257 310 1294 l.
343 1261 384 1296 8.
410 1253 776 1307 Πεδοτρίβας]
808 1253 904 1294 Vox
928 1256 1051 1293 rarior
1075 1256 1184 1304 fecit,
1213 1261 1255 1293 ut
1283 1258 1453 1296 usitatio-

75 1340 156 1364 rem
199 1325 460 1362 substituerint
489 1323 641 1371 quidam
684 1324 845 1361 librarii.
901 1322 1073 1362 Retinuit
1101 1330 1227 1361 tamen
1267 1323 1453 1378 πεὸοτρί-

75 1395 154 1443 βας
183 1391 334 1441 Hagen.
368 1394 491 1431 1526.
524 1396 563 1429 8.
591 1390 783 1429 Erasmus
811 1392 925 1430 etiam
953 1390 1049 1429 hanc
1077 1392 1279 1429 lectionem
1318 1395 1453 1442 proba-

75 1463 141 1511 vit,
173 1475 256 1498 cum
286 1462 414 1508 vertit,
444 1461 511 1511 qui
540 1458 650 1512 bojas
678 1468 833 1508 tet-unt3
863 1460 938 1496 nisi
966 1458 1068 1507 quod
1097 1458 1209 1511 bqjae
1237 1459 1285 1497 ad
1314 1462 1454 1501 collum

76 1531 216 1579 potius,
246 1542 358 1577 quam
385 1527 432 1565 ad
459 1527 576 1581 pedes
603 1529 804 1576 pertinent.
861 1526 1029 1565 Plautus
1071 1528 1212 1564 rectius
1239 1526 1348 1566 Pers.
1377 1528 1454 1580 III,

76 1604 116 1647 3,
161 1600 227 1636 15.
288 1595 520 1645 compedum
556 1598 693 1645 tritor,
734 1596 842 1644 quasi
883 1593 956 1632 hoc
996 1607 1046 1632 ex
1081 1592 1227 1632 Graeco
1262 1598 1453 1637 vertisset.

77 1665 205 1704 GasN.
265 1664 327 1703 De
357 1671 510 1702 accentu
537 1666 640 1702 vocis
668 1664 745 1702 vid.
775 1661 894 1701 Varr.
923 1660 1049 1699 Lectt.
1105 1660 1249 1701 Lfflm.

162 1732 258 1770 ibid.
293 1727 718 1784 Φιλάνθρωπον]
756 1725 1072 1781 Φιλάνθρωπον.
1132 1727 1174 1767 ἐκ
1210 1731 1283 1769 τοῦ
1311 1728 1454 1782 μύθου

77 1799 239 1839 ἐκείνου.
298 1804 423 1839 ποιξῖν
463 1813 505 1838 σε
535 1807 606 1838 etc.
665 1798 723 1838 Ita
761 1798 1039 1836 distinctionem
1068 1797 1241 1837 Salanus
1279 1807 1454 1841 mutarat.

76 1867 127 1905 Et
156 1869 210 1905 sic
251 1869 423 1917 trajectio
463 1869 747 1906 constructionis
781 1868 903 1916 foret,
953 1865 1002 1904 de
1040 1879 1116 1914 qua
1151 1867 1282 1915 paullo
1326 1882 1456 1919 supra,

77 1935 196 1974 Mort.
228 1934 384 1985 Peregr.
416 1949 448 1973 c.
481 1938 549 1974 45.
581 1927 639 1985 pr.
681 1935 761 1975 Nec
801 1935 998 1984 displicet:
1044 1935 1132 1983 quia
1164 1940 1289 1972 tamen
1321 1942 1361 1972 et
1401 1937 1457 1974 sic

80 2003 243 2042 Gesneri
269 2005 395 2041 versio
422 2004 653 2052 aliquantmn
680 2004 779 2042 soret
798 2001 1042 2050 immutanda,
1067 2014 1162 2050 quae
1179 2014 1331 2040 sensmn
1356 2001 1457 2041 haud

77 2071 352 2109 incommodum
390 2070 568 2119 exhibet,
611 2085 681 2110 nec
716 2073 808 2110 satis
848 2076 948 2109 certa
976 2075 1035 2107 est
1069 2081 1160 2120 res,
1195 2082 1349 2109 manum
1390 2072 1458 2110 ab·

79 2140 208 2178 stinui.
266 2137 416 2176 Rm'rz.

164 2205 252 2244 ead.
280 2206 308 2243 I.
343 2207 408 2244 15.
440 2202 576 2257 Περὶ
604 2199 910 2248 ταλάντων]
941 2200 1027 2241 Non
1055 2204 1172 2253 igitur
1194 2206 1349 2253 propria
1365 2204 1458 2244 haec

81 2276 213 2312 aetatis
243 2280 394 2317 nostrae
424 2273 626 2310 dementia.
684 2271 741 2310 At
759 2271 833 2309 rari
863 2271 955 2308 olim
975 2271 1181 2320 aleatores3
1210 2286 1309 2310 nime
1328 2287 1457 2312 omnes

78 2343 198 2380 ferme
228 2340 362 2379 eodem
389 2341 519 2378 morbo
540 2341 774 2389 laboramus3
805 2352 926 2387 eoque
947 2352 1011 2377 res
1037 2339 1189 2377 tandem
1221 2340 1386 2389 devenit,
1415 2348 1458 2378 ut

83 2410 261 2448 aleatoris
288 2409 455 2447 consiliis
483 2422 601 2457 regno
631 2422 704 2446 uno
731 2407 911 2456 decepto,
951 2407 991 2444 in
1020 2407 1116 2445 alias
1147 2408 1260 2444 etiam
1287 2410 1458 2447 nationes

80 2479 197 2527 pestis
235 2478 309 2514 ista
346 2483 536 2526 grassata,
575 2476 714 2514 multos
752 2475 894 2524 exitio,
935 2487 1066 2513 omnes
1105 2473 1240 2512 damno
1277 2474 1457 2514 affecerit.

81 2543 178 2584 Rem
207 2552 319 2594 tango
347 2545 509 2593 posteris
537 2545 603 2581 vix
631 2543 880 2592 credibilem,
918 2541 1214 2591 historicmnque
1242 2549 1458 2591 poscentem

87 2611 315 2663 Thucydidi
339 2626 493 2661 parem,
533 2617 576 2649 ut
601 2625 675 2660 qua
711 2612 780 2649 ille
815 2611 952 2660 peritia
989 2617 1136 2660 pestem
1162 2608 1459 2648 Atheniensium

83 2681 298 2729 descripsit,
325 2679 388 2718 hic
415 2680 584 2718 furorem
610 2678 898 2729 Epidemicmn‚
944 2679 1011 2728 qui
1035 2679 1075 2717 in
1101 2676 1279 2728 Europae
1314 2678 1459 2727 praeci-

130 2744 290 2779 Lucian.
321 2743 407 2780 Vol.
436 2744 509 2778 IX.
1125 2733 1168 2774 x
