1740 3095
310 173 404 219 342
637 188 1398 221 ΑυΝοΤΑΤΙοΝΕε

310 321 436 358 agere.
493 307 629 346 Paullo
659 308 796 346 diversi
824 310 972 357 generis
1000 321 1092 346 usus
1121 307 1233 356 hujus
1257 309 1463 357 particulae
1492 313 1571 354 est,
1601 308 1664 346 ubi

310 382 449 414 certam
474 376 658 424 significat
696 375 1004 425 affirmationem,
1041 374 1268 414 humanitate
1296 376 1454 424 quadam
1481 383 1665 423 tempera-

308 449 406 490 tam,
437 442 482 480 de
511 457 584 492 quo
612 456 684 480 usu
713 444 803 480 scite
833 443 910 491 agit
938 441 1061 479 affinis
1077 456 1198 489 meus,
1231 445 1493 481 meritissimus
1520 442 1666 493 Lysiae

310 509 454 556 editor,
489 510 528 546 in
558 508 771 547 Observatt.
803 508 911 547 Critt.
941 510 980 547 in
1007 507 1154 559 Lysiae
1183 517 1291 548 oratt.
1316 525 1354 558 p.
1387 515 1452 549 52.
1511 509 1663 548 anvx.

398 575 493 614 ibid.
520 570 889 628 Ἑκάτερον]Σ
887 576 951 622 ὗες
979 575 1046 614 καὶ
1075 577 1327 622 πλακοῦντες.
1386 576 1554 615 Ουϊετ.

393 641 483 682 ead.
512 642 541 681 l.
573 648 611 681 3.
637 637 717 689 Ὡς
746 639 799 681 δὲ
825 640 952 694 μετὰ
980 643 1167 692 ταῦτα]
1200 643 1300 694 Leg.
1328 644 1416 682 fort.
1444 642 1490 684 τὸ
1511 641 1667 696 osam}

308 709 449 750 ταῦτα.
499 708 668 749 Gen-ar.

390 776 479 817 ead.
520 776 548 816 l.
588 783 630 818 7.
676 772 894 816 Τούτων
940 780 1015 825 τε]
1060 775 1328 830 Καρηβαριάς
1377 775 1445 816 καὶ
1491 775 1664 831 ἕρυᾳμοῦ

308 846 465 885 scilicet.
525 844 693 883 Gmm‘r.

391 911 479 951 ead.
519 911 547 950 l.
579 916 628 954 9.
663 905 711 949 ‘O
749 904 969 963 τράγος]
1014 908 1182 961 Libido,
1224 911 1323 960 quod
1359 917 1458 948 nota.
1499 909 1665 948 GUYET.

309 976 406 1019 Nota
432 978 496 1016 hio
523 974 670 1031 τράγος
699 991 766 1027 pro
795 978 961 1016 libidine.
1014 976 1151 1015 Mna..
1162 989 1201 1015 G.
1259 976 1342 1016 Nou
1372 979 1669 1028 adscripsissem,

308 1047 380 1083 nisi
408 1052 450 1084 ut
477 1052 646 1094 pateret,
688 1046 752 1094 qui
780 1045 995 1094 Menagius
1032 1046 1098 1084 vix
1138 1045 1340 1093 quidquam
1367 1059 1530 1093 unquam
1554 1052 1669 1095 notat,

310 1126 421 1162 quam
449 1112 548 1161 quod
581 1112 764 1162 Guyetus,
794 1125 904 1160 quem
932 1119 1051 1149 totum
1080 1112 1308 1159 compilavit.
1366 1111 1520 1151 Rm-rz.

389 1178 477 1217 ead.
505 1178 535 1216 l.
568 1183 634 1217 10.
665 1175 1115 1223 Συνεξελέξαντο]
1154 1176 1199 1214 In
1228 1178 1397 1215 omuibus
1434 1186 1540 1216 antea
1578 1181 1670 1218 scri-

310 1247 466 1284 bebatur
494 1242 829 1290 συνεξελλέξαντο.
866 1243 1030 1282 δοιΑΝ.
1059 1243 1143 1283 Non
1169 1246 1294 1294 itaque
1322 1246 1485 1294 inspexit
1508 1246 1606 1286 Bas.
1632 1253 1669 1287 1.

311 1320 348 1351 et
378 1318 434 1362 3.,
463 1313 527 1351 ubi
555 1319 656 1350 recte
684 1310 971 1358 συιεξεὶέξατο.
1029 1310 1179 1349 LEHM.

393 1380 495 1428 Pag.
526 1383 593 1417 32.
628 1379 658 1418 l.
691 1384 727 1417 1.
777 1377 1234 1431 Συγκεκομμέναι]
1275 1377 1579 1431 Συγκεκριμέναι
1614 1381 1671 1419 le-

312 1447 473 1497 gendum
501 1446 663 1485 videtur.
725 1442 784 1483 Τὸ
813 1443 1123 1497 συγκεκομμέναι
1151 1445 1211 1483 hic
1240 1460 1313 1484 non
1341 1448 1475 1495 placet.
1515 1460 1668 1487 GUYET.

312 1511 692 1565 Συγκεκαττυμέναι]
735 1511 839 1565 Quid
866 1513 1059 1563 vulgatum
1098 1511 1407 1565 συγκεκομμέναι
1448 1515 1522 1563 sit,
1562 1529 1672 1553 nemo

312 1581 422 1619 credo
448 1580 647 1618 edisserat:
686 1581 824 1618 idcirco
858 1579 1080 1630 rejecimus,
1122 1587 1160 1618 et
1200 1580 1294 1618 hanc
1329 1594 1458 1620 vocem
1494 1581 1672 1622 Luciano

311 1649 402 1687 alibi
439 1654 678 1696 usurpatam,
720 1654 1055 1696 peropportunam,
1097 1654 1134 1685 et
1169 1650 1330 1697 rejectae
1368 1650 1461 1686 satis
1494 1651 1671 1699 similem,

311 1720 354 1752 ut
388 1728 554 1753 errorem
590 1714 798 1762 indiligenti
849 1715 989 1752 scribae
1023 1713 1187 1762 faceret,
1237 1716 1509 1753 substituimus.
1567 1715 1671 1755 Vide

314 1781 457 1833 Quom.
496 1779 650 1819 Conscr.
679 1779 780 1820 Hist.
810 1794 893 1829 cap.
925 1784 991 1818 23.
1032 1778 1074 1818 ἐκ
1105 1777 1238 1832 ῥακῶν
1267 1796 1308 1819 π.
1338 1777 1363 1832 ἢ
1394 1780 1436 1821 ἐκ
1465 1779 1672 1834 δερμάτων

314 1849 480 1902 σαπρῶν
509 1845 879 1899 συγκεκαττυμένος.
939 1845 1103 1884 somn.

394 1914 482 1954 ead.
512 1915 542 1953 l.
572 1917 613 1954 5.
638 1912 805 1953 Ἐστὶν
834 1909 990 1961 αὐτὸ]
1017 1909 1117 1952 εΗδὺ
1146 1913 1239 1963 legit
1266 1915 1465 1963 interpres.
1499 1915 1668 1953 Gmrm.

304 1977 392 2020 ’'Eu
421 1980 525 2021 ἐστὶν
555 1978 669 2029 αὐτὸ]
699 1980 783 2019 Non
810 1982 974 2031 intelligi
1001 1980 1094 2019 haec
1126 1995 1148 2018 a
1175 1995 1260 2031 me,
1300 1983 1441 2021 fateor:
1484 1984 1673 2032 intellige-

312 2062 418 2098 rem,
453 2050 487 2091 si
521 2062 589 2099 pro
627 2044 684 2087 ἔτι
711 2049 901 2098 legeretur
938 2043 1028 2099 ἡδύ.
1086 2047 1151 2086 Sic
1190 2050 1290 2086 enim
1325 2050 1442 2087 oritur
1476 2053 1670 2101 sententia,

313 2129 425 2164 quam
483 2115 591 2164 dedi,
649 2129 833 2164 quamque
884 2114 947 2153 Er
939 2129 1050 2153 asmo
1109 2117 1221 2153 etiam
1268 2116 1452 2165 placuisse
1500 2107 1670 2156 observo.

317 2181 454 2221 Gsssn.
512 2181 574 2222 cf.
603 2179 719 2220 Varr.
747 2180 873 2221 Lectt.
931 2181 1087 2220 Lzmv..

398 2247 487 2288 ead.
516 2249 544 2287 l.
575 2253 614 2288 7.
636 2244 822 2302 ’Ώςπερ
861 2244 980 2288 οὐδὲ
1008 2245 1094 2295 σὺ]
1137 2247 1244 2288 Nihil
1283 2248 1344 2287 hie
1368 2250 1554 2289 adnotavit
1578 2250 1673 2289 Rev-

317 2318 430 2355 aius.
493 2314 598 2354 Unde
635 2317 891 2366 suspicamur,
928 2316 1114 2354 excidisse
1147 2317 1187 2353 in
1224 2318 1305 2364 ejus
1344 2315 1416 2356 Ed.
1453 2317 1672 2368 typothetae
1731 2367 1740 2370 ‚

319 2383 427 2432 culpa
455 2382 551 2422 illud
579 2378 671 2420 οὐδὲ
697 2384 794 2421 inter
822 2377 948 2435 ὥςπερ
978 2389 1016 2421 et
1053 2379 1128 2431 σὺ,
1169 2383 1268 2432 quod
1304 2382 1440 2421 habeut
1471 2385 1596 2424 Salm.
1634 2393 1673 2423 et

318 2449 417 2488 Bas.
450 2453 490 2488 4.
520 2449 767 2498 adstipulante
803 2449 883 2489 Ms.
912 2449 1009 2501 Reg.
1040 2452 1163 2492 2954.
1212 2449 1306 2488 Bu·-
1364 2449 1481 2491 Recte
1517 2453 1577 2490 illi
1609 2466 1672 2492 su-

318 2518 463 2565 spicati.
510 2515 661 2553 Lnnm.

404 2583 499 2632 Pag.
530 2588 596 2621 33.
623 2585 652 2622 l.
683 2585 722 2623 5.
753 2575 821 2622 Ei>
851 2580 982 2632 ἴστε,
1026 2580 1175 2622 αὐτοὶ
1204 2580 1289 2636 ἐφ’
1330 2579 1463 2634 ἡμᾶς
1501 2579 1672 2631 ι’ὀντες

323 2647 529 2688 ἐδέοντο
558 2649 916 2698 συνδειπνεῖν]
946 2650 1227 2691 Emendandum
1254 2644 1382 2701 ὑμᾶς,
1419 2651 1532 2700 idque
1573 2658 1673 2691 recte
1717 2655 1720 2658 ’
