1740 3095
312 159 407 207 ⁶24
631 171 1402 205 ADNOTATIONES

312 293 612 348 ἆνευφημῆσαι,
653 292 753 342 quod
792 292 998 330 lamentari
1037 294 1218 342 vertitur,
1273 294 1426 332 mallem
1466 295 1682 334 retinuisset

317 365 498 404 olem-ius
526 363 720 410 vulgatum
764 367 846 398 ante
887 358 1188 411 ἀπευᾳημῆσαι,
1230 360 1423 400 detestari.
1483 361 1682 401 Caeterum

311 433 398 471 hinc
427 431 672 477 intelligitur,
703 428 792 476 quid
823 429 893 465 sibi
924 429 1040 466 velint
1068 442 1158 466 mox
1187 430 1314 478 verba,
1347 428 1681 481 προςεζειψμὲνων

306 496 424 552 ἡμῶν
466 498 520 549 τῷ
560 493 726 547 Ἰσθμῷ.
771 494 908 534 GESN.
968 495 1011 533 In
1052 496 1120 535 FI.
1161 503 1261 533 totus
1298 495 1359 533 hic
1386 496 1569 546 Dialogus
1607 511 1682 536 non

312 568 559 615 conspicitur,
589 562 759 600 consulto
798 565 971 600 omissus.
1030 562 1183 601 Rex-m.

395 632 482 671 ead.
509 633 537 670 l.
571 636 608 669 2.
653 629 792 668 HEPI
831 630 953 667 THE
995 629 1075 668 ΟΡ.
1120 631 1239 669 ΤΟΥ
1274 629 1527 681 ΙΣΘΜΟῩ]
1575 630 1683 670 Vide

309 701 491 741 Philosir.
522 702 560 737 in
588 701 664 737 vita
695 697 831 746 Apoll.
861 696 935 735 IV.
967 712 1004 746 p.
1041 702 1132 736 162.
1164 713 1247 736 cum
1276 701 1388 737 notis.
1428 698 1580 738 SoLAN.

394 767 482 806 ead.
515 767 541 804 l.
575 770 613 805 4.
641 761 695 803 ‘H
721 762 872 816 ὀρυχὴ
905 766 995 803 τοῦ
1020 762 1246 815 Ἰσθμοῦ
1276 765 1362 803 καὶ
1393 765 1500 814 σοὶ,
1537 765 1683 804 Mov-

312 852 338 876 σ
353 832 383 874 (ὖ
397 851 418 873 ν
436 851 446 873 ι
464 839 509 882 ε]
542 834 622 885 Qui
651 841 773 882 potest
788 832 988 870 Musonius
1018 832 1109 870 haec
1138 834 1208 870 ista
1225 833 1270 870 de
1289 832 1422 870 Isthmi
1448 834 1682 881 perfossione

311 905 511 951 disserere,
542 901 728 939 aNerone
757 901 972 938 interfectus
1004 903 1076 947 jam
1108 901 1211 947 olim,
1242 908 1282 937 ut
1313 901 1411 948 apud
1425 899 1592 938 Sm’dam
1612 907 1685 949 est,

310 979 423 1020 atque
453 971 573 1007 alios?
631 968 706 1006 Hic
742 975 864 1005 autem
894 966 1094 1004 BInsonius
1134 969 1188 1004 sic
1227 969 1327 1016 agit,
1369 969 1474 1015 quasi
1513 970 1576 1016 qui
1608 967 1686 1006 Ne-

308 1041 392 1076 roni
421 1038 693 1085 supervixerit,
733 1043 773 1073 ut
805 1049 886 1072 cum
916 1035 962 1071 de
994 1033 1155 1072 Vindice
1190 1042 1317 1071 narrat
1355 1049 1435 1083 cap.
1471 1039 1509 1074 5.
1568 1034 1683 1073 Mitto

309 1109 385 1156 jani
415 1106 492 1143 stili
522 1104 685 1140 indolem
715 1104 867 1140 minime
895 1102 1151 1150 Lucianicam,
1183 1103 1332 1149 aliaque
1360 1102 1398 1138 id
1426 1116 1542 1150 genus
1572 1117 1684 1151 argu-

309 1181 451 1211 menta.
486 1170 672 1208 MAsscu..
731 1169 933 1207 Musonius
973 1169 1038 1206 diu
1068 1170 1163 1206 vixit
1215 1176 1299 1216 post
1337 1167 1540 1207 Neronem.
1587 1168 1684 1208 Vid.

309 1240 493 1278 Philostr.
525 1246 561 1275 et
592 1238 706 1286 Orig.
738 1245 864 1274 contra
895 1235 998 1274 Cels.
1059 1249 1111 1273 LA
1150 1235 1296 1275 Gflozn.

395 1307 490 1345 ibid.
524 1300 842 1354 ῙΙΙουσώνιε]
883 1303 925 1342 Α
954 1303 1102 1342 Nerone
1131 1305 1170 1354 in
1199 1304 1376 1340 exsilium
1405 1305 1569 1355 missus,
1609 1319 1685 1343 non

309 1377 526 1414 interfectus
565 1380 641 1422 est3
679 1373 754 1412 vid.
795 1386 906 1419 supra
948 1371 1008 1409 De
1038 1369 1157 1409 Mort.
1190 1369 1344 1419 Peregr.
1388 1385 1422 1409 c.
1469 1377 1536 1411 18.
1581 1373 1684 1414 Tac.

309 1443 414 1482 Ann.
446 1440 546 1480 XV.
578 1455 609 1481 c.
642 1445 708 1479 71.
749 1439 802 1478 Η.
839 1438 912 1476 III.
955 1439 984 1476 s.
1016 1430 1194 1476 Philas-tr.
1240 1439 1277 1475 in
1317 1439 1391 1476 vita
1431 1436 1567 1486 Apoll.
1606 1439 1683 1479 IV.

308 1526 347 1560 p.
383 1515 475 1549 175.
507 1524 590 1547 cum
619 1515 696 1545 not.
729 1515 765 1545 et
798 1512 891 1546 187.
951 1505 1070 1544 Deest
1097 1505 1156 1544 hic
1184 1505 1371 1554 Dialogus
1400 1507 1438 1543 in
1465 1505 1530 1544 Fl.
1562 1521 1684 1556 neque

307 1578 523 1616 Lucianeus
577 1575 784 1614 censendus
843 1581 911 1612 est.
973 1573 1161 1611 Neronem
1206 1573 1358 1621 quidem
1420 1588 1463 1611 ea
1511 1576 1684 1613 molitum

307 1648 447 1693 fuisse,
487 1658 580 1692 quae
621 1643 681 1680 hic
710 1650 929 1690 narrantur,
971 1655 1102 1679 verum
1142 1648 1212 1678 est.
1272 1640 1385 1693 Quod
1425 1649 1461 1679 et
1498 1643 1537 1679 in
1585 1644 1684 1681 votis

308 1720 394 1762 post
424 1726 509 1749 eum
538 1710 711 1748 Herodes
756 1708 910 1746 Atticus
948 1703 967 1746 ὃ
1008 1704 1111 1746 πάνυ
1142 1708 1318 1746 habuisse
1356 1709 1514 1746 traditur
1542 1723 1563 1746 a
1593 1708 1684 1747 Pla·-

308 1782 415 1819 losir.
447 1780 485 1815 in
516 1780 597 1825 ejus
627 1779 702 1814 vita
730 1791 769 1824 p.
801 1781 894 1815 278.
953 1775 1014 1812 De
1040 1775 1202 1813 Neronis
1240 1778 1280 1812 in
1311 1774 1508 1813 Graeciam
1549 1778 1683 1815 itinere

309 1856 347 1886 et
377 1847 555 1896 agonibus
584 1846 634 1881 ibi
664 1845 868 1892 susceptis,
907 1843 1058 1881 videndi
1095 1842 1203 1879 Suet.
1238 1844 1276 1878 in
1306 1841 1396 1880 Ner.
1442 1857 1474 1880 c.
1517 1848 1584 1881 22.
1613 1847 1682 1882 24.

309 1915 392 1953 Dio
427 1914 478 1952 l..
510 1911 665 1950 LXIII.
703 1926 739 1959 p.
786 1915 880 1950 719.
923 1910 1032 1948 Plut.
1071 1911 1109 1946 in
1146 1909 1307 1946 Flamin.
1345 1909 1428 1947 Dio
1469 1908 1604 1960 Chrys.
1644 1912 1683 1948 in

308 1983 500 2023 Rhodiaca
520 2010 531 2030 ,
563 1988 599 2017 et
627 1977 810 2016 Philostr.
843 1980 881 2015 in
909 1977 1044 2026 Apoll.
1078 1974 1152 2024 IV,
1185 1979 1251 2013 24.
1284 1983 1321 2013 et
1350 1975 1403 2024 V,
1435 1981 1474 2016 7.
1529 1976 1681 2017 SoLAN.

393 2051 496 2097 Pag.
530 2052 623 2087 277.
654 2047 681 2083 l.
716 2052 754 2085 2.
787 2044 887 2083 Καὶ
917 2042 1015 2096 γὰρ
1045 2041 1102 2094 δὴ
1135 2040 1390 2098 κᾴκείνας
1430 2042 1683 2097 ἀποχρῶν

311 2114 501 2159 ὃοῗ’κοι
532 2110 763 2165 καρπὸς,
793 2109 848 2163 ’ἣν
877 2109 939 2150 τὰ
971 2107 1341 2150 {neemanim
1370 2102 1423 2149 εὗ
1455 2107 1679 2164 πράττῃ]

311 2186 469 2234 Cori-ige
498 2197 545 2221 ex
573 2181 718 2220 Aldina
747 2177 963 2234 κᾴκείναις·
1003 2173 1135 2217 πόλεσι
1167 2180 1306 2216 scilicet
1337 2177 1376 2216 ἐν
1406 2179 1454 2230 τῇ
1482 2178 1680 2234 μεσογείᾳ,

311 2255 446 2302 quibus
476 2250 619 2289 abunde
649 2250 699 2286 ait
728 2262 811 2286 esse
840 2254 1114 2297 proventuum,
1153 2247 1186 2285 si
1225 2245 1358 2284 floreat
1387 2259 1449 2284 res
1478 2247 1678 2285 maritima.

310 2321 427 2360 JENS.

393 2387 490 2426 ibid.
533 2381 797 2439 Κᾷκείνας
835 2379 1101 2433 ἀποχρῶν]
1142 2378 1212 2419 An
1252 2376 1450 2435 κᾷκειίναις
1491 2375 1679 2433 ἀποχρῶς

311 2457 412 2494 Bas.
442 2455 542 2491 Edit.
575 2449 771 2506 κςῖκειίἀις
798 2447 985 2499 ἀποχρῶν
1014 2449 1103 2486 ferri
1132 2454 1267 2496 potest.
1327 2447 1494 2486 GUYET.

398 2522 485 2560 ead.
524 2522 551 2560 l.
581 2524 622 2559 7.
668 2518 777 2555 Rov
796 2514 1067 2565 λομένοις]
1127 2516 1317 2553 Gesner-us
1354 2514 1504 2551 videtur
1538 2514 1680 2562 legisse

312 2586 581 2642 βουλόμενος,
612 2587 676 2635 qui
703 2585 803 2622 dedit
831 2583 963 2621 lubens
970 2612 984 2631 ‚
1015 2597 1083 2632 pro
1112 2582 1216 2620 vobis
1243 2585 1298 2620 sic
1326 2580 1545 2620 volentibus.
1600 2579 1679 2617 Sed

313 2659 506 2707 vulgatum
535 2667 652 2703 aeque
680 2653 829 2691 bonum.
871 2650 1018 2692 RmTz.
1073 2648 1216 2691 Invitus
1247 2649 1437 2689 Gesnerus
1472 2661 1494 2687 a
1523 2645 1678 2687 Graecis
