1768 3125
292 136 1154 200 1NPH1'LOPA‘1'111N.
1346 153 1440 202 603

66 284 138 324 ude
165 283 421 325 Athenienses
450 287 689 337 metuebant,
725 283 959 325 Christianos
994 285 1059 339 ab*
1069 282 1220 324 Juliano
1262 286 1442 324 metuisse

68 353 250 392 dicamus.
312 352 439 392 GsssN.

150 420 236 459 ead.
267 421 294 459 ἶ.
333 426 394 460 11.
420 417 478 459 ‘H
511 420 536 460 δ
551 419 568 460 ἑ
603 415 827 473 σελήνη]
860 421 1056 470 Tanquam
1085 422 1299 459 distinctum
1326 418 1444 468 phae-

64 501 248 527 nomenon
279 490 492 541 allegatur,
538 491 635 538 quod
673 492 809 539 prioris
839 497 897 528 est
927 503 1077 538 caussa,
1120 491 1193 527 nisi
1223 489 1445 537 simpliciter

65 555 112 594 de
152 557 361 605 plenilunio
400 558 495 595 velis
536 559 774 608 intelligere,
825 558 872 595 ad
920 558 1021 606 quod
1061 558 1212 606 quidem
1256 556 1445 606 παχυλῶς

64 629 103 662 et
132 625 179 662 ad
210 625 311 662 diem
341 626 452 664 modo
483 626 797 674 praedicendum,
832 639 905 662 non
933 640 1066 674 magna
1097 639 1190 673 opus
1220 632 1276 662 est
1305 624 1447 662 Astro-

64 693 213 730 nomiae
242 695 390 740 peritia.
451 692 651 731 Caeterum
683 692 906 731 Christianis
936 707 985 731 ex
1015 708 1075 743 eo,
1107 693 1206 741 quod
1226 694 1272 730 de
1290 693 1448 730 interitu

61 759 217 807 mundi,
258 761 305 798 de
333 760 567 798 Antichristo
611 768 682 798 etc.
727 761 985 809 disputarent,
1027 762 1171 807 objecta
1201 759 1446 808 Astrologica

61 828 220 867 vanitas,
281 828 439 866 Illinelc.
472 828 559 865 Fel.
591 828 689 876 XII,
721 833 760 866 7.
788 827 962 865 Desinite
983 830 1077 866 caeli
1100 830 1232 877 plag-as
1259 836 1294 865 et
1318 827 1446 865 mundi

60 895 135 933 fata
166 902 203 932 et
232 903 374 933 secreta
405 897 559 938 rimari:
587 897 679 933 satis
710 903 768 932 est
795 910 862 943 pro
892 895 1052 944 pedibus
1075 896 1282 943 adspicere.
1316 895 1447 933 sts.

144 961 231 999 ead.
264 962 292 1000 l.
327 967 393 1000 12.
431 957 478 999 Ἴ)
514 959 670 1013 Ἄρης
713 961 754 999 εἲ
793 957 1226 1013 τετραγων-ήσει]
1280 961 1446 1000 Hermes

59 1026 200 1067 Trism.
233 1029 280 1067 de
307 1030 503 1068 infirmior.
536 1030 711 1067 decubitu
740 1045 778 1078 p.
813 1035 880 1069 12.
915 1028 1082 1069 Hoesch.
1112 1026 1148 1073 ’ἦ
1181 1029 1448 1083 ὁιαμετροῦνω

59 1109 130 1142 τος
160 1092 184 1146 ἢ
215 1097 570 1148 τετραγαηνίζοντος
597 1093 621 1146 ’ἢ
654 1093 846 1142 συνόντος
874 1099 922 1149 τῇ
957 1104 994 1141 (ζ.
1056 1097 1185 1136 GESN.
1216 1125 1220 1130 ·

146 1162 235 1201 ead.
267 1164 295 1201 l.
331 1168 397 1202 14.
435 1160 544 1215 Ἐφ’
591 1158 667 1208 οἷς
708 1158 859 1213 ὑμεῖς
895 1160 1121 1214 ἥδεσθε]
1166 1164 1303 1203 Tristis
1346 1166 1448 1203 enim

57 1231 223 1280 prodigii
247 1232 329 1269 loco
360 1231 566 1268 habebatur
596 1231 860 1281 androgynos,
896 1239 933 1270 et
962 1234 1001 1270 in
1031 1246 1135 1271 mare
1163 1233 1446 1282 deportabatur,

60 1299 161 1348 quod
190 1313 239 1337 ex
273 1299 372 1337 Gall.
404 1298 482 1348 IX,
513 1302 553 1337 4.
586 1306 744 1337 constat.
802 1298 1068 1337 Memorabilis
1107 1301 1219 1337 etiam
1251 1308 1310 1338 est
1338 1299 1447 1338 Livii

58 1367 166 1404 locus
196 1366 363 1416 XXXI,
398 1372 463 1405 12.
494 1368 558 1404 ubi
587 1369 688 1404 inter
710 1368 835 1416 plura
857 1366 1071 1416 prodigia,
1103 1377 1192 1405 ante
1220 1370 1349 1406 omnia
1377 1367 1447 1406 ab-

57 1437 221 1472 ominati
270 1437 508 1481 semimares,
564 1436 744 1488 jussique
792 1438 836 1473 in
875 1450 983 1473 mare
1021 1434 1235 1484 deportari.
1295 1434 1446 1473 Similia

59 1500 172 1540 habet
200 1501 301 1539 idem
330 1501 515 1552 XXVII,
552 1508 616 1541 13.
650 1510 687 1541 et
707 1507 775 1542 39.
804 1504 848 1542 it.
873 1502 1042 1551 XXIX,
1070 1508 1139 1543 22.
1169 1502 1276 1542 Add.
1301 1502 1446 1543 Juven.

63 1575 131 1619 13,
163 1573 230 1608 64.
262 1583 343 1618 seq.
407 1569 534 1608 GssN.

144 1636 243 1685 Pag.
279 1642 376 1676 245.
420 1638 447 1675 I.
482 1643 519 1676 2.
563 1633 909 1685 Κατάξουσι]
964 1634 1255 1691 Καταράξουσι
1302 1640 1445 1679 forsan.

60 1704 229 1744 θυῖε-Γ.
267 1704 332 1743 Nil
362 1720 456 1753 opus
488 1707 775 1744 emendatione:
807 1721 893 1744 nam
923 1702 1106 1757 κατάγειν
1135 1721 1255 1756 aeque
1285 1722 1306 1745 a
1335 1704 1445 1746 κάτω

60 1768 193 1823 ἷίγειν,
235 1787 346 1820 quam
377 1770 480 1810 κατὰ
523 1781 561 1811 et
603 1770 736 1825 ἄγειν,
778 1775 933 1813 formari
971 1782 1117 1824 potest,
1161 1782 1204 1813 ut
1245 1790 1295 1814 ex
1335 1776 1444 1814 Plut.

58 1839 167 1878 docet
197 1839 331 1888 δίε-μή.
367 1840 416 1878 Et
445 1856 513 1889 pro
543 1841 721 1880 deorsum
745 1842 898 1892 ducere,
923 1846 1085 1891 mittere,
1120 1850 1161 1880 ut
1183 1838 1367 1893 κατάγειν
1389 1842 1445 1888 εἷς

59 1904 161 1946 ἅδον
192 1909 292 1956 apud
320 1908 445 1947 LXX
473 1910 845 1960 frequentissimum,
884 1912 973 1958 quin
1003 1917 1041 1948 et
1069 1905 1254 1960 κατάγειν
1285 1906 1445 1961 δάκρυα

57 1975 203 2014 Jerem.
234 1975 313 2025 IX,
348 1981 413 2014 17.
445 1990 487 2014 ac
515 1983 573 2014 ter
602 1977 792 2026 deinceps.
853 1978 952 2017 Item
981 1972 1166 2028 κατάγειν
1194 1976 1235 2023 ἐξ
1266 1975 1442 2029 οὐρανοῦ

57 2043 199 2082 Amos.
230 2042 303 2091 III,
336 2048 402 2081 11.
435 2041 606 2091 Cumque
633 2043 694 2082 hic
723 2044 878 2094 Dialog.
910 2045 957 2083 ad
1001 2045 1186 2093 ejusmodi
1226 2046 1355 2083 stilum
1393 2046 1443 2083 sit

59 2112 312 2159 compositus,
342 2109 559 2149 sufficerent
587 2112 653 2148 illa
680 2114 918 2161 testimonia,
960 2114 994 2151 si
1021 2113 1083 2150 vel
1114 2113 1214 2161 apud
1244 2114 1338 2150 alios
1366 2127 1442 2150 non

58 2179 326 2216 invenirentur.
385 2177 436 2215 Et
465 2193 530 2216 cur
554 2193 629 2216 non
665 2193 783 2227 aeque
811 2180 1062 2217 descendendi
1092 2180 1324 2229 significatus
1354 2180 1442 2218 huic

57 2247 174 2284 verbo
202 2247 368 2294 inesset,
406 2260 518 2294 quam
547 2248 586 2283 in
617 2243 897 2298 καταῤῥίπτω,
936 2247 1101 2296 dejicio3
1144 2249 1214 2285 etsi
1255 2243 1439 2298 κατάγειν

57 2313 172 2361 longe
214 2313 419 2360 plurimum
457 2328 524 2362 pro
567 2313 780 2362 deducere,
812 2314 1030 2363 perducere
1066 2329 1175 2367 quem
1211 2313 1268 2352 cul
1300 2315 1439 2366 locum,

58 2387 262 2428 usurpatur
288 2380 388 2428 apud
418 2378 590 2429 antiquos
620 2389 658 2421 et
697 2384 881 2431 sequioris
911 2384 994 2421 aevi
1023 2385 1166 2431 scriptt.
1226 2382 1380 2421 Rmrz.

143 2446 233 2486 ead.
264 2447 291 2485 Ζ.
324 2453 363 2486 3.
398 2445 463 2486 Τὸ
493 2447 864 2501 βροντοποιὸν
896 2449 1137 2500 δοχεῖον]
1169 2450 1286 2489 Forte
1315 2451 1438 2499 respi-

60 2515 112 2553 cit
139 2515 187 2552 ad
216 2529 266 2553 τα
305 2511 532 2565 καλουμενα
573 2513 705 2567 ἠχεῖα,
749 2508 805 2556 ὧν
848 2512 867 2556 ὃ
898 2514 1047 2564 κτύπος
1086 2516 1187 2568 (cum
1221 2517 1436 2557 Scholiasta

59 2581 322 2631 Aristophan.
352 2583 488 2632 loquor
516 2584 565 2622 ad
594 2583 701 2637 Νεφ.
736 2587 855 2634 291.)
898 2584 1201 2636 σχηματίζεται
1217 2584 1272 2631 εἷς
1308 2587 1436 2637 ,ὅρον-

1411 2648 1433 2664 ss

59 2650 132 2700 τῆς
166 2645 379 2702 ἅπήχησιν.
429 2648 514 2692 ἔστι
552 2649 619 2692 δὲ
638 2650 706 2691 καὶ
733 2651 775 2692 ἐν
803 2654 853 2707 τῇ
881 2655 1008 2708 σκηνῇ
1045 2649 1268 2706 μηχάνημά
1306 2667 1368 2700 τι,
1409 2668 1432 2692 ο
