<?xml version="1.0" encoding="UTF-8"?>
<!DOCTYPE html PUBLIC "-//W3C//DTD XHTML 1.0 Transitional//EN"
    "http://www.w3.org/TR/xhtml1/DTD/xhtml1-transitional.dtd">
<html xmlns="http://www.w3.org/1999/xhtml" xml:lang="en" lang="en">
 <head>
  <title>
</title>
<meta http-equiv="Content-Type" content="text/html;charset=utf-8" />
  <meta name='ocr-system' content='tesseract 3.04.00' />
  <meta name='ocr-capabilities' content='ocr_page ocr_carea ocr_par ocr_line ocrx_word'/>
</head>
<body>
  <div class='ocr_page' id='page_1' title='image "./operagraecaetlat09luciuoft_0582.png"; bbox 0 0 1740 3095; ppageno 0'>
   <div class='ocr_carea' id='block_1_1' title="bbox 321 165 1427 208">
    <p class='ocr_par' dir='ltr' id='par_1_1' title="bbox 321 165 1427 208">
     <span class='ocr_line' id='line_1_1' title="bbox 321 165 1427 208; baseline 0 -1"><span class='ocrx_word' id='word_1_1' title='bbox 321 165 412 208; x_wconf 81' lang='lat'><strong>572</strong></span> <span class='ocrx_word' id='word_1_2' title='bbox 614 173 1427 208; x_wconf 51' lang='lat' dir='ltr'><strong>&gt;ADNOTATIONRS</strong></span> 
     </span>
    </p>
   </div>
   <div class='ocr_carea' id='block_1_2' title="bbox 315 290 1680 2698">
    <p class='ocr_par' dir='ltr' id='par_1_2' title="bbox 316 290 1680 1419">
     <span class='ocr_line' id='line_1_2' title="bbox 319 290 1676 347; baseline -0.001 -10"><span class='ocrx_word' id='word_1_3' title='bbox 319 300 404 343; x_wconf 80' lang='grc' dir='ltr'><strong><em>τοῖς</em></strong></span> <span class='ocrx_word' id='word_1_4' title='bbox 441 290 657 346; x_wconf 76' lang='grc' dir='ltr'><em>σπλάχνοις</em></span> <span class='ocrx_word' id='word_1_5' title='bbox 693 290 830 345; x_wconf 74' lang='grc' dir='ltr'><em>συώδη</em></span> <span class='ocrx_word' id='word_1_6' title='bbox 869 291 1025 347; x_wconf 76' lang='grc' dir='ltr'><strong><em>τροφὴν</em></strong></span> <span class='ocrx_word' id='word_1_7' title='bbox 1063 292 1369 346; x_wconf 71' lang='grc' dir='ltr'><em>ἓπισπείραντες,</em></span> <span class='ocrx_word' id='word_1_8' title='bbox 1425 295 1532 335; x_wconf 72' lang='grc' dir='ltr'><em>συῶν</em></span> <span class='ocrx_word' id='word_1_9' title='bbox 1581 292 1676 344; x_wconf 78' lang='grc' dir='ltr'><strong><em>τοὺς</em></strong></span> 
     </span>
     <span class='ocr_line' id='line_1_3' title="bbox 318 361 1678 417; baseline -0.001 -14"><span class='ocrx_word' id='word_1_10' title='bbox 318 362 588 417; x_wconf 35' lang='grc' dir='ltr'><strong>θερλιιοτέρους</strong></span> <span class='ocrx_word' id='word_1_11' title='bbox 624 361 831 414; x_wconf 73' lang='grc' dir='ltr'><em>ἐπαφιέναι</em></span> <span class='ocrx_word' id='word_1_12' title='bbox 871 376 906 400; x_wconf 84' lang='grc' dir='ltr'><strong>κ.</strong></span> <span class='ocrx_word' id='word_1_13' title='bbox 938 376 974 400; x_wconf 82' lang='grc' dir='ltr'><strong>τ.</strong></span> <span class='ocrx_word' id='word_1_14' title='bbox 1019 362 1054 399; x_wconf 85' lang='grc' dir='ltr'><strong>λ.</strong></span> <span class='ocrx_word' id='word_1_15' title='bbox 1083 361 1250 400; x_wconf 84' lang='lat' dir='ltr'><strong>Tradunt</strong></span> <span class='ocrx_word' id='word_1_16' title='bbox 1289 364 1418 401; x_wconf 88' lang='lat' dir='ltr'><strong>eadem</strong></span> <span class='ocrx_word' id='word_1_17' title='bbox 1446 363 1678 403; x_wconf 78' lang='lat' dir='ltr'><strong>Sozomenus</strong></span> 
     </span>
     <span class='ocr_line' id='line_1_4' title="bbox 318 427 1676 482; baseline -0.001 -12"><span class='ocrx_word' id='word_1_18' title='bbox 318 430 374 482; x_wconf 76' lang='lat' dir='ltr'><strong>V,</strong></span> <span class='ocrx_word' id='word_1_19' title='bbox 413 436 450 470; x_wconf 87' lang='grc'><strong>9.</strong></span> <span class='ocrx_word' id='word_1_20' title='bbox 489 437 527 468; x_wconf 88' lang='lat' dir='ltr'><strong>et</strong></span> <span class='ocrx_word' id='word_1_21' title='bbox 568 429 825 468; x_wconf 72' lang='lat' dir='ltr'><strong>Theoclorz&#39;tus</strong></span> <span class='ocrx_word' id='word_1_22' title='bbox 860 428 943 479; x_wconf 82' lang='lat' dir='ltr'>III,</span> <span class='ocrx_word' id='word_1_23' title='bbox 975 433 1012 467; x_wconf 89' lang='grc'><strong>6.</strong></span> <span class='ocrx_word' id='word_1_24' title='bbox 1044 427 1109 466; x_wconf 86' lang='lat' dir='ltr'><strong>Ad</strong></span> <span class='ocrx_word' id='word_1_25' title='bbox 1139 431 1269 468; x_wconf 87' lang='lat' dir='ltr'><strong>eadem</strong></span> <span class='ocrx_word' id='word_1_26' title='bbox 1297 438 1462 478; x_wconf 87' lang='lat' dir='ltr'><strong>tempora</strong></span> <span class='ocrx_word' id='word_1_27' title='bbox 1502 433 1676 479; x_wconf 82' lang='lat' dir='ltr'><strong>pertinet,</strong></span> 
     </span>
     <span class='ocr_line' id='line_1_5' title="bbox 319 495 1678 547; baseline 0.001 -11"><span class='ocrx_word' id='word_1_28' title='bbox 319 498 419 547; x_wconf 83' lang='lat' dir='ltr'><strong>quod</strong></span> <span class='ocrx_word' id='word_1_29' title='bbox 455 500 493 535; x_wconf 88' lang='lat' dir='ltr'><strong>in</strong></span> <span class='ocrx_word' id='word_1_30' title='bbox 517 495 797 547; x_wconf 66' lang='lat' dir='ltr'><strong>Blartyrologio</strong></span> <span class='ocrx_word' id='word_1_31' title='bbox 836 495 907 534; x_wconf 85' lang='lat' dir='ltr'><strong>Ro.</strong></span> <span class='ocrx_word' id='word_1_32' title='bbox 950 497 996 533; x_wconf 81' lang='lat' dir='ltr'><strong>ad</strong></span> <span class='ocrx_word' id='word_1_33' title='bbox 1027 495 1142 534; x_wconf 81' lang='lat' dir='ltr'><strong>VIII.</strong></span> <span class='ocrx_word' id='word_1_34' title='bbox 1172 496 1277 544; x_wconf 84' lang='lat' dir='ltr'>Sept.</span> <span class='ocrx_word' id='word_1_35' title='bbox 1320 498 1502 537; x_wconf 81' lang='lat' dir='ltr'><strong>refertur:</strong></span> <span class='ocrx_word' id='word_1_36' title='bbox 1545 499 1678 537; x_wconf 77' lang='lat' dir='ltr'><strong>Gazae</strong></span> 
     </span>
     <span class='ocr_line' id='line_1_6' title="bbox 317 564 1679 614; baseline 0.001 -11"><span class='ocrx_word' id='word_1_37' title='bbox 317 569 359 603; x_wconf 66' lang='lat' dir='ltr'><strong>in</strong></span> <span class='ocrx_word' id='word_1_38' title='bbox 395 565 622 603; x_wconf 73' lang='lat' dir='ltr'><strong>Palaestina</strong></span> <span class='ocrx_word' id='word_1_39' title='bbox 656 574 872 602; x_wconf 78' lang='lat' dir='ltr'><strong>sanctorum</strong></span> <span class='ocrx_word' id='word_1_40' title='bbox 912 564 1142 614; x_wconf 76' lang='lat' dir='ltr'><strong>Martyrum</strong></span> <span class='ocrx_word' id='word_1_41' title='bbox 1182 564 1343 602; x_wconf 74' lang='lat' dir='ltr'><strong>Ensebii</strong></span> <span class='ocrx_word' id='word_1_42' title='bbox 1352 595 1363 612; x_wconf 81' lang='grc'>,</span> <span class='ocrx_word' id='word_1_43' title='bbox 1414 564 1574 603; x_wconf 75' lang='lat' dir='ltr'><strong>Nestabi</strong></span> <span class='ocrx_word' id='word_1_44' title='bbox 1585 595 1599 612; x_wconf 91' lang='lat'><em>,</em></span> <span class='ocrx_word' id='word_1_45' title='bbox 1643 575 1679 604; x_wconf 82' lang='lat' dir='ltr'><strong>et</strong></span> 
     </span>
     <span class='ocr_line' id='line_1_7' title="bbox 318 631 1679 684; baseline 0 -14"><span class='ocrx_word' id='word_1_46' title='bbox 318 633 509 681; x_wconf 75' lang='lat' dir='ltr'><strong><em>Zenonis,</em></strong></span> <span class='ocrx_word' id='word_1_47' title='bbox 528 633 739 684; x_wconf 77' lang='lat' dir='ltr'><strong>fratrum,</strong></span> <span class='ocrx_word' id='word_1_48' title='bbox 771 634 837 682; x_wconf 72' lang='lat' dir='ltr'><strong>qui</strong></span> <span class='ocrx_word' id='word_1_49' title='bbox 864 641 1029 679; x_wconf 75' lang='lat' dir='ltr'><strong>tempore</strong></span> <span class='ocrx_word' id='word_1_50' title='bbox 1057 631 1212 668; x_wconf 73' lang='lat' dir='ltr'><strong>Julicmi</strong></span> <span class='ocrx_word' id='word_1_51' title='bbox 1238 632 1459 680; x_wconf 77' lang='lat' dir='ltr'><strong>Apostatae</strong></span> <span class='ocrx_word' id='word_1_52' title='bbox 1472 663 1483 681; x_wconf 83' lang='lat'><em>‚</em></span> <span class='ocrx_word' id='word_1_53' title='bbox 1510 636 1679 670; x_wconf 71' lang='lat' dir='ltr'><strong>irruente</strong></span> 
     </span>
     <span class='ocr_line' id='line_1_8' title="bbox 316 698 1679 750; baseline -0.001 -11"><span class='ocrx_word' id='word_1_54' title='bbox 316 702 359 738; x_wconf 63' lang='lat' dir='ltr'><strong>fn</strong></span> <span class='ocrx_word' id='word_1_55' title='bbox 399 714 462 739; x_wconf 85' lang='lat' dir='ltr'><strong>eos</strong></span> <span class='ocrx_word' id='word_1_56' title='bbox 498 699 613 737; x_wconf 76' lang='lat' dir='ltr'><strong>turba</strong></span> <span class='ocrx_word' id='word_1_57' title='bbox 648 699 848 748; x_wconf 74' lang='lat' dir='ltr'><strong>gentilz&#39;mn</strong></span> <span class='ocrx_word' id='word_1_58' title='bbox 886 698 1068 747; x_wconf 75' lang='lat' dir='ltr'><strong><em>discerpti</em></strong></span> <span class='ocrx_word' id='word_1_59' title='bbox 1105 709 1218 750; x_wconf 78' lang='lat' dir='ltr'><strong>atque</strong></span> <span class='ocrx_word' id='word_1_60' title='bbox 1244 702 1372 737; x_wconf 79' lang='lat' dir='ltr'><strong>necati</strong></span> <span class='ocrx_word' id='word_1_61' title='bbox 1394 709 1495 738; x_wconf 77' lang='lat' dir='ltr'><strong>sunt.</strong></span> <span class='ocrx_word' id='word_1_62' title='bbox 1551 698 1679 738; x_wconf 82' lang='lat' dir='ltr'><strong>Habe-</strong></span> 
     </span>
     <span class='ocr_line' id='line_1_9' title="bbox 316 765 1680 816; baseline 0 -12"><span class='ocrx_word' id='word_1_63' title='bbox 316 780 400 805; x_wconf 87' lang='lat' dir='ltr'><strong>mus</strong></span> <span class='ocrx_word' id='word_1_64' title='bbox 430 781 518 815; x_wconf 80' lang='lat' dir='ltr'><strong>ergo</strong></span> <span class='ocrx_word' id='word_1_65' title='bbox 547 767 643 814; x_wconf 91' lang='lat' dir='ltr'><strong>apud</strong></span> <span class='ocrx_word' id='word_1_66' title='bbox 673 765 870 805; x_wconf 75' lang='lat' dir='ltr'><strong>Cretenses</strong></span> <span class='ocrx_word' id='word_1_67' title='bbox 898 766 1133 804; x_wconf 78' lang='lat' dir='ltr'><strong>Palaestinae</strong></span> <span class='ocrx_word' id='word_1_68' title='bbox 1161 768 1327 816; x_wconf 78' lang='lat' dir='ltr'><strong>virgines</strong></span> <span class='ocrx_word' id='word_1_69' title='bbox 1349 775 1468 806; x_wconf 86' lang='lat' dir='ltr'><strong>castas</strong></span> <span class='ocrx_word' id='word_1_70' title='bbox 1494 767 1680 805; x_wconf 85' lang='lat' dir='ltr'><strong>membra-</strong></span> 
     </span>
     <span class='ocr_line' id='line_1_10' title="bbox 318 832 1680 883; baseline 0 -11"><span class='ocrx_word' id='word_1_71' title='bbox 318 836 385 872; x_wconf 86' lang='lat' dir='ltr'><strong>tim</strong></span> <span class='ocrx_word' id='word_1_72' title='bbox 412 834 589 872; x_wconf 87' lang='lat' dir='ltr'><strong>dissectas</strong></span> <span class='ocrx_word' id='word_1_73' title='bbox 619 835 686 871; x_wconf 83' lang='lat' dir='ltr'><strong>sub</strong></span> <span class='ocrx_word' id='word_1_74' title='bbox 715 833 880 872; x_wconf 86' lang='lat' dir='ltr'><strong>Juliano.</strong></span> <span class='ocrx_word' id='word_1_75' title='bbox 938 832 1045 871; x_wconf 89' lang='lat' dir='ltr'><strong>Haec</strong></span> <span class='ocrx_word' id='word_1_76' title='bbox 1073 834 1235 882; x_wconf 87' lang='lat' dir='ltr'><strong>quidem.</strong></span> <span class='ocrx_word' id='word_1_77' title='bbox 1251 836 1370 883; x_wconf 79' lang='lat' dir='ltr'><strong>magis</strong></span> <span class='ocrx_word' id='word_1_78' title='bbox 1398 835 1455 872; x_wconf 21' lang='lat' dir='ltr'><strong>ad.</strong></span> <span class='ocrx_word' id='word_1_79' title='bbox 1482 833 1522 872; x_wconf 85' lang='lat' dir='ltr'><strong>h.</strong></span> <span class='ocrx_word' id='word_1_80' title='bbox 1557 835 1586 872; x_wconf 94' lang='lat' dir='ltr'><strong>l.</strong></span> <span class='ocrx_word' id='word_1_81' title='bbox 1622 835 1680 872; x_wconf 85' lang='lat' dir='ltr'><strong>fa-</strong></span> 
     </span>
     <span class='ocr_line' id='line_1_11' title="bbox 318 900 1678 949; baseline 0 -9"><span class='ocrx_word' id='word_1_82' title='bbox 318 915 403 940; x_wconf 85' lang='lat' dir='ltr'><strong>cere</strong></span> <span class='ocrx_word' id='word_1_83' title='bbox 452 900 544 938; x_wconf 84' lang='lat' dir='ltr'><strong>mihi</strong></span> <span class='ocrx_word' id='word_1_84' title='bbox 577 901 773 949; x_wconf 84' lang='lat' dir='ltr'><strong>videntur,</strong></span> <span class='ocrx_word' id='word_1_85' title='bbox 821 915 932 949; x_wconf 87' lang='lat' dir='ltr'><strong>quam</strong></span> <span class='ocrx_word' id='word_1_86' title='bbox 971 902 1061 949; x_wconf 88' lang='lat' dir='ltr'><strong>illa,</strong></span> <span class='ocrx_word' id='word_1_87' title='bbox 1112 915 1208 948; x_wconf 85' lang='lat' dir='ltr'><strong>quae</strong></span> <span class='ocrx_word' id='word_1_88' title='bbox 1246 915 1267 939; x_wconf 92' lang='lat' dir='ltr'><strong>e</strong></span> <span class='ocrx_word' id='word_1_89' title='bbox 1307 901 1464 940; x_wconf 75' lang='lat' dir='ltr'><strong>Zosimo</strong></span> <span class='ocrx_word' id='word_1_90' title='bbox 1501 902 1678 940; x_wconf 79' lang='lat' dir='ltr'><strong>vidimus.</strong></span> 
     </span>
     <span class='ocr_line' id='line_1_12' title="bbox 317 966 1679 1021; baseline 0 -15"><span class='ocrx_word' id='word_1_91' title='bbox 317 968 434 1021; x_wconf 79' lang='lat' dir='ltr'><strong>Quod</strong></span> <span class='ocrx_word' id='word_1_92' title='bbox 462 970 616 1006; x_wconf 84' lang='lat' dir='ltr'><strong>obscure</strong></span> <span class='ocrx_word' id='word_1_93' title='bbox 644 970 695 1005; x_wconf 89' lang='lat' dir='ltr'><strong>ita</strong></span> <span class='ocrx_word' id='word_1_94' title='bbox 725 966 866 1005; x_wconf 80' lang='lat' dir='ltr'>Gazam</span> <span class='ocrx_word' id='word_1_95' title='bbox 895 969 1016 1017; x_wconf 80' lang='lat' dir='ltr'><strong>signat</strong></span> <span class='ocrx_word' id='word_1_96' title='bbox 1045 975 1198 1017; x_wconf 79' lang='lat' dir='ltr'>auctor,</span> <span class='ocrx_word' id='word_1_97' title='bbox 1227 969 1288 1005; x_wconf 83' lang='lat' dir='ltr'><strong>vel</strong></span> <span class='ocrx_word' id='word_1_98' title='bbox 1316 969 1534 1006; x_wconf 88' lang='lat' dir='ltr'><strong>eruditionis</strong></span> <span class='ocrx_word' id='word_1_99' title='bbox 1554 976 1679 1007; x_wconf 86' lang='lat' dir='ltr'><strong>osten-</strong></span> 
     </span>
     <span class='ocr_line' id='line_1_13' title="bbox 317 1035 1678 1084; baseline -0.001 -10"><span class='ocrx_word' id='word_1_100' title='bbox 317 1036 449 1074; x_wconf 80' lang='lat' dir='ltr'><strong>tandae</strong></span> <span class='ocrx_word' id='word_1_101' title='bbox 491 1049 620 1074; x_wconf 82' lang='lat' dir='ltr'><strong>caussa</strong></span> <span class='ocrx_word' id='word_1_102' title='bbox 658 1036 792 1073; x_wconf 85' lang='lat' dir='ltr'><strong>fecisse</strong></span> <span class='ocrx_word' id='word_1_103' title='bbox 840 1042 984 1084; x_wconf 83' lang='lat' dir='ltr'><strong>potest,</strong></span> <span class='ocrx_word' id='word_1_104' title='bbox 1035 1036 1099 1072; x_wconf 84' lang='lat' dir='ltr'><strong>vel</strong></span> <span class='ocrx_word' id='word_1_105' title='bbox 1137 1035 1259 1073; x_wconf 86' lang='lat' dir='ltr'><strong>studio</strong></span> <span class='ocrx_word' id='word_1_106' title='bbox 1296 1037 1490 1075; x_wconf 80' lang='lat' dir='ltr'><strong>obscurare</strong></span> <span class='ocrx_word' id='word_1_107' title='bbox 1526 1037 1678 1084; x_wconf 85' lang='lat' dir='ltr'><strong>factum,</strong></span> 
     </span>
     <span class='ocr_line' id='line_1_14' title="bbox 317 1092 1680 1152; baseline 0.001 -12"><span class='ocrx_word' id='word_1_108' title='bbox 317 1104 417 1152; x_wconf 89' lang='lat' dir='ltr'><strong>quod</strong></span> <span class='ocrx_word' id='word_1_109' title='bbox 458 1103 618 1140; x_wconf 83' lang='lat' dir='ltr'><strong>invidiae</strong></span> <span class='ocrx_word' id='word_1_110' title='bbox 657 1102 777 1139; x_wconf 83' lang='lat' dir='ltr'><strong>adhuc</strong></span> <span class='ocrx_word' id='word_1_111' title='bbox 804 1103 963 1138; x_wconf 81' lang='lat' dir='ltr'><strong>multum</strong></span> <span class='ocrx_word' id='word_1_112' title='bbox 1003 1101 1177 1149; x_wconf 85' lang='lat' dir='ltr'><strong>haberet,</strong></span> <span class='ocrx_word' id='word_1_113' title='bbox 1213 1103 1344 1139; x_wconf 70' lang='lat' dir='ltr'><strong>voluit.</strong></span> <span class='ocrx_word' id='word_1_114' title='bbox 1369 1092 1375 1093; x_wconf 33' lang='lat'><em>⁷</em></span> <span class='ocrx_word' id='word_1_115' title='bbox 1400 1102 1530 1151; x_wconf 85' lang='lat' dir='ltr'><strong>Neque</strong></span> <span class='ocrx_word' id='word_1_116' title='bbox 1565 1103 1680 1142; x_wconf 88' lang='lat' dir='ltr'><strong>vehe-</strong></span> 
     </span>
     <span class='ocr_line' id='line_1_15' title="bbox 316 1167 1679 1218; baseline 0 -10"><span class='ocrx_word' id='word_1_117' title='bbox 316 1178 461 1209; x_wconf 89' lang='lat' dir='ltr'><strong>menter</strong></span> <span class='ocrx_word' id='word_1_118' title='bbox 489 1177 613 1207; x_wconf 86' lang='lat' dir='ltr'><strong>contra</strong></span> <span class='ocrx_word' id='word_1_119' title='bbox 638 1169 821 1217; x_wconf 75' lang='lat' dir='ltr'><strong>dixerim,</strong></span> <span class='ocrx_word' id='word_1_120' title='bbox 850 1170 882 1205; x_wconf 87' lang='lat' dir='ltr'><strong>si</strong></span> <span class='ocrx_word' id='word_1_121' title='bbox 912 1171 995 1216; x_wconf 86' lang='lat' dir='ltr'><strong>quis</strong></span> <span class='ocrx_word' id='word_1_122' title='bbox 1025 1170 1063 1205; x_wconf 88' lang='lat' dir='ltr'><strong>in</strong></span> <span class='ocrx_word' id='word_1_123' title='bbox 1092 1171 1173 1217; x_wconf 89' lang='lat' dir='ltr'><strong>ipsa</strong></span> <span class='ocrx_word' id='word_1_124' title='bbox 1203 1167 1314 1206; x_wconf 79' lang='lat' dir='ltr'><strong>Creta</strong></span> <span class='ocrx_word' id='word_1_125' title='bbox 1336 1170 1459 1207; x_wconf 77' lang='lat' dir='ltr'><strong>insula</strong></span> <span class='ocrx_word' id='word_1_126' title='bbox 1485 1171 1560 1207; x_wconf 88' lang='lat' dir='ltr'><strong>tale</strong></span> <span class='ocrx_word' id='word_1_127' title='bbox 1589 1170 1679 1218; x_wconf 85' lang='lat' dir='ltr'><strong>quid</strong></span> 
     </span>
     <span class='ocr_line' id='line_1_16' title="bbox 317 1234 1679 1287; baseline 0 -12"><span class='ocrx_word' id='word_1_128' title='bbox 317 1245 397 1275; x_wconf 86' lang='lat' dir='ltr'><strong>tum</strong></span> <span class='ocrx_word' id='word_1_129' title='bbox 426 1238 623 1285; x_wconf 79' lang='lat' dir='ltr'><strong>contigisse</strong></span> <span class='ocrx_word' id='word_1_130' title='bbox 652 1243 769 1284; x_wconf 87' lang='lat' dir='ltr'><strong>putet.</strong></span> <span class='ocrx_word' id='word_1_131' title='bbox 827 1235 924 1273; x_wconf 86' lang='lat' dir='ltr'><strong>Nam</strong></span> <span class='ocrx_word' id='word_1_132' title='bbox 952 1236 1051 1283; x_wconf 88' lang='lat' dir='ltr'><strong>quod</strong></span> <span class='ocrx_word' id='word_1_133' title='bbox 1079 1234 1226 1287; x_wconf 71' lang='grc' dir='ltr'><strong><em>μυρίας</em></strong></span> <span class='ocrx_word' id='word_1_134' title='bbox 1255 1236 1364 1284; x_wconf 72' lang='lat' dir='ltr'><strong>dicit,</strong></span> <span class='ocrx_word' id='word_1_135' title='bbox 1395 1236 1488 1274; x_wconf 86' lang='lat' dir='ltr'><strong>nihil</strong></span> <span class='ocrx_word' id='word_1_136' title='bbox 1516 1251 1584 1275; x_wconf 87' lang='lat' dir='ltr'><strong>nos</strong></span> <span class='ocrx_word' id='word_1_137' title='bbox 1614 1238 1679 1276; x_wconf 86' lang='lat' dir='ltr'><strong>de-</strong></span> 
     </span>
     <span class='ocr_line' id='line_1_17' title="bbox 316 1302 1679 1354; baseline 0.001 -12"><span class='ocrx_word' id='word_1_138' title='bbox 316 1306 380 1343; x_wconf 84' lang='lat' dir='ltr'><strong>bet</strong></span> <span class='ocrx_word' id='word_1_139' title='bbox 408 1306 565 1352; x_wconf 81' lang='lat' dir='ltr'><strong>morari,</strong></span> <span class='ocrx_word' id='word_1_140' title='bbox 604 1305 667 1352; x_wconf 85' lang='lat' dir='ltr'><strong>qui</strong></span> <span class='ocrx_word' id='word_1_141' title='bbox 696 1305 842 1341; x_wconf 87' lang='lat' dir='ltr'><strong>insanas</strong></span> <span class='ocrx_word' id='word_1_142' title='bbox 873 1302 1034 1340; x_wconf 85' lang='lat' dir='ltr'><strong>hominis</strong></span> <span class='ocrx_word' id='word_1_143' title='bbox 1063 1302 1289 1351; x_wconf 82' lang='lat' dir='ltr'><strong>hyperbolas</strong></span> <span class='ocrx_word' id='word_1_144' title='bbox 1319 1304 1448 1351; x_wconf 84' lang='lat' dir='ltr'><strong>plures</strong></span> <span class='ocrx_word' id='word_1_145' title='bbox 1476 1306 1514 1342; x_wconf 90' lang='lat' dir='ltr'><strong>in</strong></span> <span class='ocrx_word' id='word_1_146' title='bbox 1543 1307 1679 1354; x_wconf 83' lang='lat' dir='ltr'><strong>exig-ua</strong></span> 
     </span>
     <span class='ocr_line' id='line_1_18' title="bbox 318 1369 1175 1419; baseline -0.002 -9"><span class='ocrx_word' id='word_1_147' title='bbox 318 1373 624 1411; x_wconf 80' lang='lat' dir='ltr'><strong>commentatione</strong></span> <span class='ocrx_word' id='word_1_148' title='bbox 653 1370 987 1419; x_wconf 79' lang='lat' dir='ltr'><strong>deprehendamus.</strong></span> <span class='ocrx_word' id='word_1_149' title='bbox 1047 1369 1175 1408; x_wconf 75' lang='lat' dir='ltr'><strong>GESN.</strong></span> 
     </span>
    </p>

    <p class='ocr_par' dir='ltr' id='par_1_3' title="bbox 317 1433 1677 1556">
     <span class='ocr_line' id='line_1_19' title="bbox 402 1433 1677 1489; baseline 0.001 -13"><span class='ocrx_word' id='word_1_150' title='bbox 402 1438 497 1476; x_wconf 69' lang='lat' dir='ltr'><strong>ibid.</strong></span> <span class='ocrx_word' id='word_1_151' title='bbox 538 1433 755 1489; x_wconf 74' lang='grc' dir='ltr'><em>Κρήτην</em></span> <span class='ocrx_word' id='word_1_152' title='bbox 798 1434 853 1475; x_wconf 74' lang='grc' dir='ltr'><strong>δέ</strong></span> <span class='ocrx_word' id='word_1_153' title='bbox 887 1440 1000 1486; x_wconf 79' lang='grc' dir='ltr'>μιν]</span> <span class='ocrx_word' id='word_1_154' title='bbox 1041 1433 1204 1488; x_wconf 74' lang='grc' dir='ltr'><em>Κρήτην</em></span> <span class='ocrx_word' id='word_1_155' title='bbox 1235 1435 1281 1476; x_wconf 72' lang='grc' dir='ltr'><strong>δέ</strong></span> <span class='ocrx_word' id='word_1_156' title='bbox 1307 1434 1350 1475; x_wconf 77' lang='grc' dir='ltr'><strong>τέ</strong></span> <span class='ocrx_word' id='word_1_157' title='bbox 1375 1453 1458 1488; x_wconf 78' lang='grc' dir='ltr'>μιν.</span> <span class='ocrx_word' id='word_1_158' title='bbox 1511 1438 1677 1479; x_wconf 70' lang='lat' dir='ltr'><strong>anm.</strong></span> 
     </span>
     <span class='ocr_line' id='line_1_20' title="bbox 317 1504 1379 1556; baseline -0.003 -10"><span class='ocrx_word' id='word_1_159' title='bbox 317 1506 484 1556; x_wconf 85' lang='lat' dir='ltr'><strong>Optime.</strong></span> <span class='ocrx_word' id='word_1_160' title='bbox 542 1504 593 1542; x_wconf 89' lang='lat' dir='ltr'><strong>Et</strong></span> <span class='ocrx_word' id='word_1_161' title='bbox 620 1507 673 1542; x_wconf 85' lang='lat' dir='ltr'><strong>sic</strong></span> <span class='ocrx_word' id='word_1_162' title='bbox 701 1508 776 1553; x_wconf 86' lang='lat' dir='ltr'><strong>jam</strong></span> <span class='ocrx_word' id='word_1_163' title='bbox 803 1518 935 1542; x_wconf 88' lang='lat' dir='ltr'><strong>versus</strong></span> <span class='ocrx_word' id='word_1_164' title='bbox 963 1506 1170 1543; x_wconf 70' lang='lat' dir='ltr'><strong>restitutus.</strong></span> <span class='ocrx_word' id='word_1_165' title='bbox 1228 1505 1379 1544; x_wconf 68' lang='lat' dir='ltr'><strong>Rmrz.</strong></span> 
     </span>
    </p>

    <p class='ocr_par' dir='ltr' id='par_1_4' title="bbox 315 1567 1679 1951">
     <span class='ocr_line' id='line_1_21' title="bbox 400 1567 1679 1623; baseline -0.002 -11"><span class='ocrx_word' id='word_1_166' title='bbox 400 1573 487 1612; x_wconf 80' lang='lat' dir='ltr'><strong>ead.</strong></span> <span class='ocrx_word' id='word_1_167' title='bbox 517 1574 545 1611; x_wconf 80' lang='lat' dir='ltr'><strong>l.</strong></span> <span class='ocrx_word' id='word_1_168' title='bbox 579 1575 644 1610; x_wconf 83' lang='lat'><strong>14.</strong></span> <span class='ocrx_word' id='word_1_169' title='bbox 680 1567 895 1623; x_wconf 79' lang='grc' dir='ltr'>Τάφον]</span> <span class='ocrx_word' id='word_1_170' title='bbox 930 1571 991 1609; x_wconf 89' lang='lat' dir='ltr'><strong>De</strong></span> <span class='ocrx_word' id='word_1_171' title='bbox 1019 1573 1191 1619; x_wconf 85' lang='lat' dir='ltr'><strong>sepulcro</strong></span> <span class='ocrx_word' id='word_1_172' title='bbox 1219 1571 1324 1611; x_wconf 87' lang='lat' dir='ltr'><strong>Jovis</strong></span> <span class='ocrx_word' id='word_1_173' title='bbox 1353 1574 1429 1622; x_wconf 77' lang='lat' dir='ltr'><strong>agit</strong></span> <span class='ocrx_word' id='word_1_174' title='bbox 1452 1571 1519 1612; x_wconf 88' lang='lat' dir='ltr'><strong>Jo.</strong></span> <span class='ocrx_word' id='word_1_175' title='bbox 1537 1572 1679 1610; x_wconf 79' lang='lat' dir='ltr'><strong>Meur-</strong></span> 
     </span>
     <span class='ocr_line' id='line_1_22' title="bbox 316 1637 1676 1687; baseline -0.002 -6"><span class='ocrx_word' id='word_1_176' title='bbox 316 1645 396 1681; x_wconf 69' lang='lat' dir='ltr'><strong>sae&#39;us</strong></span> <span class='ocrx_word' id='word_1_177' title='bbox 430 1643 469 1678; x_wconf 91' lang='lat' dir='ltr'><strong>in</strong></span> <span class='ocrx_word' id='word_1_178' title='bbox 509 1638 620 1677; x_wconf 83' lang='lat' dir='ltr'><strong>Creta</strong></span> <span class='ocrx_word' id='word_1_179' title='bbox 656 1637 739 1686; x_wconf 82' lang='lat' dir='ltr'>III,</span> <span class='ocrx_word' id='word_1_180' title='bbox 771 1642 810 1676; x_wconf 82' lang='lat'><strong>4.</strong></span> <span class='ocrx_word' id='word_1_181' title='bbox 849 1637 957 1677; x_wconf 82' lang='lat' dir='ltr'><strong>Add.</strong></span> <span class='ocrx_word' id='word_1_182' title='bbox 998 1637 1150 1687; x_wconf 77' lang='lat' dir='ltr'><strong>Spanh.</strong></span> <span class='ocrx_word' id='word_1_183' title='bbox 1181 1640 1227 1677; x_wconf 89' lang='lat' dir='ltr'><strong>ad</strong></span> <span class='ocrx_word' id='word_1_184' title='bbox 1259 1640 1411 1678; x_wconf 78' lang='lat' dir='ltr'><strong>Gallim.</strong></span> <span class='ocrx_word' id='word_1_185' title='bbox 1440 1639 1494 1678; x_wconf 92' lang='lat' dir='ltr'><strong>H.</strong></span> <span class='ocrx_word' id='word_1_186' title='bbox 1525 1641 1565 1677; x_wconf 88' lang='lat' dir='ltr'><strong>in</strong></span> <span class='ocrx_word' id='word_1_187' title='bbox 1591 1639 1676 1678; x_wconf 74' lang='lat' dir='ltr'><strong>Jov-</strong></span> 
     </span>
     <span class='ocr_line' id='line_1_23' title="bbox 316 1706 1678 1755; baseline -0.002 -7"><span class='ocrx_word' id='word_1_188' title='bbox 316 1723 355 1748; x_wconf 79' lang='lat' dir='ltr'><strong>v.</strong></span> <span class='ocrx_word' id='word_1_189' title='bbox 383 1714 421 1748; x_wconf 81' lang='lat' dir='ltr'><strong>S.</strong></span> <span class='ocrx_word' id='word_1_190' title='bbox 481 1706 583 1746; x_wconf 84' lang='lat' dir='ltr'><strong>Cave</strong></span> <span class='ocrx_word' id='word_1_191' title='bbox 613 1713 738 1744; x_wconf 88' lang='lat' dir='ltr'><strong>autem</strong></span> <span class='ocrx_word' id='word_1_192' title='bbox 766 1712 899 1753; x_wconf 87' lang='lat' dir='ltr'><strong>putes,</strong></span> <span class='ocrx_word' id='word_1_193' title='bbox 928 1707 1079 1744; x_wconf 85' lang='lat' dir='ltr'><strong>aliunde</strong></span> <span class='ocrx_word' id='word_1_194' title='bbox 1109 1707 1156 1744; x_wconf 89' lang='lat' dir='ltr'><strong>de</strong></span> <span class='ocrx_word' id='word_1_195' title='bbox 1185 1706 1490 1755; x_wconf 65' lang='lat' dir='ltr'><strong>Jovissepulcro</strong></span> <span class='ocrx_word' id='word_1_196' title='bbox 1511 1714 1678 1745; x_wconf 84' lang='lat' dir='ltr'><strong>constare</strong></span> 
     </span>
     <span class='ocr_line' id='line_1_24' title="bbox 315 1772 1677 1823; baseline -0.003 -8"><span class='ocrx_word' id='word_1_197' title='bbox 315 1776 466 1823; x_wconf 79' lang='lat' dir='ltr'><strong>Nostro,</strong></span> <span class='ocrx_word' id='word_1_198' title='bbox 500 1788 611 1822; x_wconf 88' lang='lat' dir='ltr'><strong>quam</strong></span> <span class='ocrx_word' id='word_1_199' title='bbox 639 1787 689 1811; x_wconf 83' lang='lat' dir='ltr'><strong>ex</strong></span> <span class='ocrx_word' id='word_1_200' title='bbox 716 1772 907 1821; x_wconf 56' lang='lat' dir='ltr'><strong>Lucumo,</strong></span> <span class='ocrx_word' id='word_1_201' title='bbox 937 1782 1064 1820; x_wconf 82' lang='lat' dir='ltr'><strong>&#39;quem</strong></span> <span class='ocrx_word' id='word_1_202' title='bbox 1094 1788 1242 1821; x_wconf 85' lang='lat' dir='ltr'><strong>semper</strong></span> <span class='ocrx_word' id='word_1_203' title='bbox 1270 1789 1360 1822; x_wconf 88' lang='lat' dir='ltr'><strong>prae</strong></span> <span class='ocrx_word' id='word_1_204' title='bbox 1390 1775 1508 1811; x_wconf 85' lang='lat' dir='ltr'><strong>oculis</strong></span> <span class='ocrx_word' id='word_1_205' title='bbox 1534 1774 1677 1823; x_wconf 86' lang='lat' dir='ltr'><strong>habuit,</strong></span> 
     </span>
     <span class='ocr_line' id='line_1_25' title="bbox 316 1840 1677 1892; baseline -0.001 -11"><span class='ocrx_word' id='word_1_206' title='bbox 316 1846 456 1892; x_wconf 84' lang='lat' dir='ltr'><strong>quique</strong></span> <span class='ocrx_word' id='word_1_207' title='bbox 485 1844 568 1891; x_wconf 85' lang='lat' dir='ltr'><strong>ejus</strong></span> <span class='ocrx_word' id='word_1_208' title='bbox 595 1841 787 1889; x_wconf 83' lang='lat' dir='ltr'><strong>meminit,</strong></span> <span class='ocrx_word' id='word_1_209' title='bbox 819 1846 898 1877; x_wconf 84' lang='lat' dir='ltr'><strong>tum</strong></span> <span class='ocrx_word' id='word_1_210' title='bbox 925 1841 1044 1890; x_wconf 83' lang='lat' dir='ltr'><strong>alias,</strong></span> <span class='ocrx_word' id='word_1_211' title='bbox 1070 1848 1149 1878; x_wconf 88' lang='lat' dir='ltr'><strong>tum</strong></span> <span class='ocrx_word' id='word_1_212' title='bbox 1174 1842 1212 1878; x_wconf 87' lang='lat' dir='ltr'><strong>in</strong></span> <span class='ocrx_word' id='word_1_213' title='bbox 1239 1840 1326 1882; x_wconf 83' lang='lat' dir='ltr'><strong>Jov.</strong></span> <span class='ocrx_word' id='word_1_214' title='bbox 1351 1840 1466 1890; x_wconf 78' lang='lat' dir='ltr'><strong>Trag.</strong></span> <span class='ocrx_word' id='word_1_215' title='bbox 1497 1854 1578 1889; x_wconf 83' lang='lat' dir='ltr'><strong>cap.</strong></span> <span class='ocrx_word' id='word_1_216' title='bbox 1609 1843 1677 1881; x_wconf 81' lang='lat'><strong>45.</strong></span> 
     </span>
     <span class='ocr_line' id='line_1_26' title="bbox 317 1911 447 1951; baseline -0.023 0"><span class='ocrx_word' id='word_1_217' title='bbox 317 1911 447 1951; x_wconf 60' lang='lat' dir='ltr'><strong>stx.</strong></span> 
     </span>
    </p>

    <p class='ocr_par' dir='ltr' id='par_1_5' title="bbox 316 1969 1679 2698">
     <span class='ocr_line' id='line_1_27' title="bbox 401 1969 1678 2024; baseline -0.005 -8"><span class='ocrx_word' id='word_1_218' title='bbox 401 1976 488 2016; x_wconf 79' lang='lat' dir='ltr'><strong>eud.</strong></span> <span class='ocrx_word' id='word_1_219' title='bbox 519 1976 547 2012; x_wconf 93' lang='lat' dir='ltr'><strong>l.</strong></span> <span class='ocrx_word' id='word_1_220' title='bbox 580 1976 647 2013; x_wconf 79' lang='lat'><strong>15.</strong></span> <span class='ocrx_word' id='word_1_221' title='bbox 675 1969 756 2011; x_wconf 86' lang='grc' dir='ltr'><strong>Λό</strong></span> <span class='ocrx_word' id='word_1_222' title='bbox 765 1988 794 2024; x_wconf 83' lang='grc' dir='ltr'><strong><em>χ</em></strong></span> <span class='ocrx_word' id='word_1_223' title='bbox 804 1977 922 2023; x_wconf 83' lang='grc' dir='ltr'><strong><em>μια]</em></strong></span> <span class='ocrx_word' id='word_1_224' title='bbox 962 1973 1070 2013; x_wconf 87' lang='lat' dir='ltr'><strong>Hanc</strong></span> <span class='ocrx_word' id='word_1_225' title='bbox 1098 1989 1227 2013; x_wconf 84' lang='lat' dir='ltr'><strong>vocem</strong></span> <span class='ocrx_word' id='word_1_226' title='bbox 1263 1975 1571 2013; x_wconf 81' lang='lat' dir='ltr'><strong>emaculavimus:</strong></span> <span class='ocrx_word' id='word_1_227' title='bbox 1613 1987 1678 2011; x_wconf 90' lang='lat' dir='ltr'><strong>an-</strong></span> 
     </span>
     <span class='ocr_line' id='line_1_28' title="bbox 319 2036 1675 2092; baseline -0.006 -7"><span class='ocrx_word' id='word_1_228' title='bbox 319 2053 378 2084; x_wconf 84' lang='lat' dir='ltr'><strong>tea</strong></span> <span class='ocrx_word' id='word_1_229' title='bbox 417 2046 516 2083; x_wconf 88' lang='lat' dir='ltr'><strong>enim</strong></span> <span class='ocrx_word' id='word_1_230' title='bbox 554 2044 592 2080; x_wconf 84' lang='lat' dir='ltr'><strong>iu</strong></span> <span class='ocrx_word' id='word_1_231' title='bbox 643 2043 812 2080; x_wconf 87' lang='lat' dir='ltr'><strong>omnibus</strong></span> <span class='ocrx_word' id='word_1_232' title='bbox 852 2037 924 2092; x_wconf 73' lang='grc' dir='ltr'><strong>ὁόχ</strong></span> <span class='ocrx_word' id='word_1_233' title='bbox 948 2064 1005 2070; x_wconf 94' lang='lat'><strong>—-</strong></span> <span class='ocrx_word' id='word_1_234' title='bbox 1032 2043 1238 2091; x_wconf 80' lang='lat' dir='ltr'><strong>legebatur.</strong></span> <span class='ocrx_word' id='word_1_235' title='bbox 1279 2041 1429 2080; x_wconf 72' lang='lat' dir='ltr'><strong>SoLAN.</strong></span> <span class='ocrx_word' id='word_1_236' title='bbox 1485 2036 1675 2090; x_wconf 79' lang='grc' dir='ltr'><strong><em>Λόχμια]</em></strong></span> 
     </span>
     <span class='ocr_line' id='line_1_29' title="bbox 317 2105 1679 2162; baseline -0.005 -10"><span class='ocrx_word' id='word_1_237' title='bbox 317 2109 499 2162; x_wconf 81' lang='grc' dir='ltr'><em>Δόχμιον</em></span> <span class='ocrx_word' id='word_1_238' title='bbox 548 2105 713 2160; x_wconf 73' lang='grc' dir='ltr'><em>πλάγιον</em></span> <span class='ocrx_word' id='word_1_239' title='bbox 777 2123 846 2148; x_wconf 90' lang='lat' dir='ltr'><strong>seu</strong></span> <span class='ocrx_word' id='word_1_240' title='bbox 896 2111 1086 2158; x_wconf 86' lang='lat' dir='ltr'><strong>obliquum</strong></span> <span class='ocrx_word' id='word_1_241' title='bbox 1148 2109 1382 2158; x_wconf 75' lang='lat' dir='ltr'><strong>significare,</strong></span> <span class='ocrx_word' id='word_1_242' title='bbox 1450 2107 1679 2156; x_wconf 81' lang='lat' dir='ltr'><strong>Lexicogra-</strong></span> 
     </span>
     <span class='ocr_line' id='line_1_30' title="bbox 316 2175 1676 2230; baseline -0.003 -13"><span class='ocrx_word' id='word_1_243' title='bbox 316 2179 383 2230; x_wconf 89' lang='lat' dir='ltr'><strong>phi</strong></span> <span class='ocrx_word' id='word_1_244' title='bbox 420 2180 564 2225; x_wconf 77' lang='lat' dir='ltr'><strong>dicunt,</strong></span> <span class='ocrx_word' id='word_1_245' title='bbox 606 2190 783 2225; x_wconf 83' lang='lat' dir='ltr'><strong>quorsum</strong></span> <span class='ocrx_word' id='word_1_246' title='bbox 810 2176 985 2224; x_wconf 86' lang='lat' dir='ltr'><strong>equidem</strong></span> <span class='ocrx_word' id='word_1_247' title='bbox 1026 2178 1067 2213; x_wconf 90' lang='lat' dir='ltr'><strong>in</strong></span> <span class='ocrx_word' id='word_1_248' title='bbox 1113 2178 1284 2214; x_wconf 84' lang='lat' dir='ltr'><strong>versione</strong></span> <span class='ocrx_word' id='word_1_249' title='bbox 1322 2177 1499 2225; x_wconf 78' lang='lat' dir='ltr'><strong>respexi3</strong></span> <span class='ocrx_word' id='word_1_250' title='bbox 1545 2175 1676 2223; x_wconf 79' lang='lat' dir='ltr'><strong>valles,</strong></span> 
     </span>
     <span class='ocr_line' id='line_1_31' title="bbox 318 2240 1678 2296; baseline -0.004 -12"><span class='ocrx_word' id='word_1_251' title='bbox 318 2260 409 2296; x_wconf 85' lang='lat' dir='ltr'><strong>quas</strong></span> <span class='ocrx_word' id='word_1_252' title='bbox 437 2249 619 2293; x_wconf 86' lang='lat' dir='ltr'><strong>interpres</strong></span> <span class='ocrx_word' id='word_1_253' title='bbox 649 2245 760 2281; x_wconf 89' lang='lat' dir='ltr'><strong>etiam</strong></span> <span class='ocrx_word' id='word_1_254' title='bbox 796 2243 964 2291; x_wconf 83' lang='lat' dir='ltr'><strong>adhibet,</strong></span> <span class='ocrx_word' id='word_1_255' title='bbox 1000 2257 1051 2281; x_wconf 85' lang='lat' dir='ltr'><strong>ex</strong></span> <span class='ocrx_word' id='word_1_256' title='bbox 1088 2245 1144 2281; x_wconf 92' lang='lat' dir='ltr'><strong>rei</strong></span> <span class='ocrx_word' id='word_1_257' title='bbox 1182 2250 1310 2281; x_wconf 83' lang='lat' dir='ltr'><strong>natura</strong></span> <span class='ocrx_word' id='word_1_258' title='bbox 1352 2240 1494 2292; x_wconf 76' lang='lat' dir='ltr'><strong>adjeci:</strong></span> <span class='ocrx_word' id='word_1_259' title='bbox 1533 2249 1678 2280; x_wconf 87' lang='lat' dir='ltr'><strong>antrum</strong></span> 
     </span>
     <span class='ocr_line' id='line_1_32' title="bbox 317 2305 1677 2361; baseline -0.003 -9"><span class='ocrx_word' id='word_1_260' title='bbox 317 2316 415 2352; x_wconf 89' lang='lat' dir='ltr'><strong>enim</strong></span> <span class='ocrx_word' id='word_1_261' title='bbox 439 2327 537 2361; x_wconf 83' lang='lat' dir='ltr'><strong>esse,</strong></span> <span class='ocrx_word' id='word_1_262' title='bbox 567 2313 809 2349; x_wconf 88' lang='lat' dir='ltr'><strong>communiter</strong></span> <span class='ocrx_word' id='word_1_263' title='bbox 829 2311 1000 2349; x_wconf 83' lang='lat' dir='ltr'><strong>traditur.</strong></span> <span class='ocrx_word' id='word_1_264' title='bbox 1059 2309 1102 2348; x_wconf 80' lang='lat' dir='ltr'><strong>Si</strong></span> <span class='ocrx_word' id='word_1_265' title='bbox 1123 2312 1206 2359; x_wconf 88' lang='lat' dir='ltr'><strong>quis</strong></span> <span class='ocrx_word' id='word_1_266' title='bbox 1229 2317 1352 2348; x_wconf 87' lang='lat' dir='ltr'><strong>tamen</strong></span> <span class='ocrx_word' id='word_1_267' title='bbox 1376 2305 1521 2359; x_wconf 77' lang='grc' dir='ltr'><em>λόχμια</em></span> <span class='ocrx_word' id='word_1_268' title='bbox 1548 2311 1677 2358; x_wconf 84' lang='lat' dir='ltr'><strong>legere</strong></span> 
     </span>
     <span class='ocr_line' id='line_1_33' title="bbox 317 2376 1678 2430; baseline -0.004 -11"><span class='ocrx_word' id='word_1_269' title='bbox 317 2383 423 2430; x_wconf 86' lang='lat' dir='ltr'><strong>velit,</strong></span> <span class='ocrx_word' id='word_1_270' title='bbox 452 2381 501 2419; x_wconf 84' lang='lat' dir='ltr'><em>A</em></span> <span class='ocrx_word' id='word_1_271' title='bbox 528 2381 568 2417; x_wconf 89' lang='lat' dir='ltr'><strong>in</strong></span> <span class='ocrx_word' id='word_1_272' title='bbox 593 2376 635 2416; x_wconf 87' lang='lat' dir='ltr'><em>A</em></span> <span class='ocrx_word' id='word_1_273' title='bbox 661 2379 725 2417; x_wconf 78' lang='lat' dir='ltr'><strong>vel</strong></span> <span class='ocrx_word' id='word_1_274' title='bbox 755 2379 778 2415; x_wconf 84' lang='grc' dir='ltr'><strong>λ</strong></span> <span class='ocrx_word' id='word_1_275' title='bbox 806 2381 845 2416; x_wconf 90' lang='lat' dir='ltr'><strong>in</strong></span> <span class='ocrx_word' id='word_1_276' title='bbox 876 2377 900 2416; x_wconf 78' lang='grc' dir='ltr'><em>δ</em></span> <span class='ocrx_word' id='word_1_277' title='bbox 922 2384 1077 2427; x_wconf 82' lang='lat' dir='ltr'><strong>mutato,</strong></span> <span class='ocrx_word' id='word_1_278' title='bbox 1118 2385 1160 2415; x_wconf 91' lang='lat' dir='ltr'><strong>ut</strong></span> <span class='ocrx_word' id='word_1_279' title='bbox 1198 2385 1255 2416; x_wconf 90' lang='lat' dir='ltr'><strong>est</strong></span> <span class='ocrx_word' id='word_1_280' title='bbox 1281 2378 1402 2415; x_wconf 84' lang='lat' dir='ltr'><strong>facilis</strong></span> <span class='ocrx_word' id='word_1_281' title='bbox 1433 2376 1563 2415; x_wconf 86' lang='lat' dir='ltr'><strong>harum</strong></span> <span class='ocrx_word' id='word_1_282' title='bbox 1590 2379 1678 2415; x_wconf 90' lang='lat' dir='ltr'><strong>lite-</strong></span> 
     </span>
     <span class='ocr_line' id='line_1_34' title="bbox 317 2445 1677 2495; baseline -0.004 -9"><span class='ocrx_word' id='word_1_283' title='bbox 317 2463 444 2486; x_wconf 88' lang='lat' dir='ltr'><strong>rarum</strong></span> <span class='ocrx_word' id='word_1_284' title='bbox 474 2448 664 2495; x_wconf 78' lang='lat' dir='ltr'><strong>confusio,</strong></span> <span class='ocrx_word' id='word_1_285' title='bbox 693 2460 768 2483; x_wconf 86' lang='lat' dir='ltr'><strong>non</strong></span> <span class='ocrx_word' id='word_1_286' title='bbox 795 2447 1102 2494; x_wconf 77' lang='lat' dir='ltr'><strong>repugnaverim:</strong></span> <span class='ocrx_word' id='word_1_287' title='bbox 1142 2452 1221 2483; x_wconf 88' lang='lat' dir='ltr'><strong>tum</strong></span> <span class='ocrx_word' id='word_1_288' title='bbox 1260 2446 1359 2482; x_wconf 89' lang='lat' dir='ltr'><strong>enim</strong></span> <span class='ocrx_word' id='word_1_289' title='bbox 1387 2445 1491 2482; x_wconf 91' lang='lat' dir='ltr'><strong>lucos</strong></span> <span class='ocrx_word' id='word_1_290' title='bbox 1516 2447 1677 2482; x_wconf 86' lang='lat' dir='ltr'><strong>virentes</strong></span> 
     </span>
     <span class='ocr_line' id='line_1_35' title="bbox 319 2508 1675 2564; baseline -0.004 -11"><span class='ocrx_word' id='word_1_291' title='bbox 319 2515 563 2564; x_wconf 77' lang='lat' dir='ltr'><strong>significaret,</strong></span> <span class='ocrx_word' id='word_1_292' title='bbox 603 2527 782 2562; x_wconf 86' lang='lat' dir='ltr'><strong>quorsum</strong></span> <span class='ocrx_word' id='word_1_293' title='bbox 811 2527 970 2562; x_wconf 85' lang='lat' dir='ltr'><strong>sequens</strong></span> <span class='ocrx_word' id='word_1_294' title='bbox 1009 2508 1152 2561; x_wconf 81' lang='grc' dir='ltr'><em>λόχμαι</em></span> <span class='ocrx_word' id='word_1_295' title='bbox 1195 2513 1366 2560; x_wconf 85' lang='lat' dir='ltr'><strong>pertinet.</strong></span> <span class='ocrx_word' id='word_1_296' title='bbox 1422 2511 1599 2549; x_wconf 72' lang='lat' dir='ltr'><strong>Platonis</strong></span> <span class='ocrx_word' id='word_1_297' title='bbox 1623 2509 1675 2548; x_wconf 85' lang='lat' dir='ltr'><strong>L.</strong></span> 
     </span>
     <span class='ocr_line' id='line_1_36' title="bbox 318 2577 1678 2630; baseline -0.005 -9"><span class='ocrx_word' id='word_1_298' title='bbox 318 2583 351 2621; x_wconf 85' lang='lat' dir='ltr'><strong>I.</strong></span> <span class='ocrx_word' id='word_1_299' title='bbox 382 2583 428 2620; x_wconf 77' lang='lat' dir='ltr'><strong>(le</strong></span> <span class='ocrx_word' id='word_1_300' title='bbox 457 2581 626 2630; x_wconf 81' lang='lat' dir='ltr'><strong>Legibus</strong></span> <span class='ocrx_word' id='word_1_301' title='bbox 653 2581 834 2628; x_wconf 87' lang='lat' dir='ltr'><strong>principio</strong></span> <span class='ocrx_word' id='word_1_302' title='bbox 876 2580 1214 2617; x_wconf 87' lang='lat' dir='ltr'><strong>commodissimam</strong></span> <span class='ocrx_word' id='word_1_303' title='bbox 1242 2586 1279 2616; x_wconf 91' lang='lat' dir='ltr'><strong>et</strong></span> <span class='ocrx_word' id='word_1_304' title='bbox 1306 2579 1601 2616; x_wconf 86' lang='lat' dir='ltr'><strong>amoenissimam</strong></span> <span class='ocrx_word' id='word_1_305' title='bbox 1629 2577 1678 2615; x_wconf 89' lang='lat' dir='ltr'><strong>ad</strong></span> 
     </span>
     <span class='ocr_line' id='line_1_37' title="bbox 317 2643 1678 2698; baseline -0.005 -10"><span class='ocrx_word' id='word_1_306' title='bbox 317 2649 388 2688; x_wconf 86' lang='lat' dir='ltr'><strong>hoc</strong></span> <span class='ocrx_word' id='word_1_307' title='bbox 415 2656 561 2688; x_wconf 83' lang='lat' dir='ltr'><strong>antrum</strong></span> <span class='ocrx_word' id='word_1_308' title='bbox 589 2648 776 2697; x_wconf 82' lang='lat' dir='ltr'><strong>(Idaeum,</strong></span> <span class='ocrx_word' id='word_1_309' title='bbox 805 2649 844 2686; x_wconf 85' lang='lat' dir='ltr'><strong>in</strong></span> <span class='ocrx_word' id='word_1_310' title='bbox 873 2662 946 2698; x_wconf 83' lang='lat' dir='ltr'><strong>quo</strong></span> <span class='ocrx_word' id='word_1_311' title='bbox 971 2647 1148 2686; x_wconf 85' lang='lat' dir='ltr'><strong>educatus</strong></span> <span class='ocrx_word' id='word_1_312' title='bbox 1173 2644 1342 2696; x_wconf 81' lang='lat' dir='ltr'><strong>Jupiter,</strong></span> <span class='ocrx_word' id='word_1_313' title='bbox 1382 2646 1429 2683; x_wconf 88' lang='lat' dir='ltr'><strong>ab</strong></span> <span class='ocrx_word' id='word_1_314' title='bbox 1456 2645 1573 2682; x_wconf 82' lang='lat' dir='ltr'><strong>altero</strong></span> <span class='ocrx_word' id='word_1_315' title='bbox 1606 2643 1678 2682; x_wconf 86' lang='lat' dir='ltr'><strong>Di-</strong></span> 
     </span>
    </p>
   </div>
  </div>
 </body>
</html>
