1725 3126
304 197 398 240 686
466 209 540 242 DE
574 208 696 240 ΛΒΤ.
732 208 800 241 ET
834 190 988 241 Aud‘r.
1025 208 1338 241 Pmnom‘rn.
1376 210 1612 248 mssmun

306 329 441 368 dierim
472 329 674 379 quidquam
702 328 929 378 legerimve,
960 328 1061 378 quod
1091 343 1113 367 a
1141 331 1324 369 sententia
1350 344 1410 369 me
1438 345 1521 371 mea
1550 333 1680 375 demo-

304 394 433 436 veret,
475 388 582 434 cujus
621 385 779 424 tuendae
814 387 958 424 nullam
993 386 1160 434 profecto
1202 388 1314 424 aliam
1349 401 1517 427 caussam
1545 389 1680 443 habeo,

306 452 570 496 praeterquam
599 443 701 491 quod
729 457 857 481 veram
887 456 971 481 esse
997 450 1088 490 puto
1105 471 1118 491 ‚
1157 443 1339 492 quasdam
1367 447 1478 483 etiam
1505 446 1682 487 deseren-

306 504 401 549 dae3
430 508 470 538 ut
499 502 623 548 potius
652 501 771 549 magis
802 500 959 538 subinde
988 500 1251 549 confirmatus,
1290 515 1364 538 non
1401 503 1477 550 jam
1515 505 1680 551 juvenile

306 555 514 612 ἀγώνισμα
554 557 735 607 arbitrer,
782 557 850 595 sed
886 557 1019 606 κτῆμα
1060 556 1271 605 quoddam,
1319 565 1593 609 perennaturo,
1640 567 1682 599 ut

305 617 487 665 suspicari
515 614 572 652 fas
603 620 686 662 est,
716 615 847 662 operi,
878 611 1047 652 Luciano
1077 611 1367 664 Wetstem’ano‘,
1407 615 1508 665 quod
1536 617 1681 656 intexa-

304 683 388 724 tur,
415 685 490 711 uon
518 672 666 720 penitus
694 670 905 720 indignum·

396 838 518 874 Non—
533 836 815 872 Christianorum
837 834 884 870 de
912 835 1051 871 Christo
1075 837 1278 872 testimonia
1301 849 1347 872 ex
1371 838 1529 883 antiquis
1560 850 1683 873 monu-

395 884 521 918 mentis
552 887 727 928 proposuit
757 897 795 918 ac
828 883 1052 926 dijudicavit,
1085 882 1356 930 Quedlinburgi
1381 888 1478 919 1725.
1500 886 1534 919 4.
1569 887 1674 927 edito,

394 946 413 965 a
437 944 510 975 pag.
537 932 613 962 107.
636 932 789 973 pluscula
815 939 931 962 contra
954 941 1067 961 meam
1091 933 1292 963 sententiam
1316 934 1477 974 protulit:
1515 944 1599 975 quae
1638 933 1675 965 iu

395 979 564 1020 Lipsiensi
591 976 817 1018 disputatione
841 988 859 1007 a
888 987 944 1006 me
966 986 1102 1007 excussa
1126 984 1223 1014 sunt3
1250 976 1310 1007 sed
1335 977 1390 1007 hic
1405 977 1583 1018 repetenda
1606 989 1677 1009 non

395 1025 532 1066 putavi,
567 1033 647 1053 cum
682 1022 771 1052 nihil
806 1022 870 1058 sit,
904 1020 947 1051 ad
978 1019 1071 1062 quod
1099 1033 1167 1051 uon
1192 1022 1245 1052 vel
1270 1022 1306 1052 in
1329 1023 1604 1054 annotationibus
1627 1022 1683 1055 vel

397 1071 432 1100 in
458 1068 520 1099 hac
542 1066 769 1108 disputatione
793 1064 993 1105 resnonsum
1015 1066 1092 1096 satis
1115 1066 1272 1097 arbitrer.
1320 1066 1385 1097 Hic
1422 1074 1556 1098 tantum
1579 1078 1683 1098 men-

398 1114 529 1145 tionem
554 1111 628 1153 ejus
651 1112 699 1142 rei
727 1109 918 1141 faciendam
945 1111 1081 1148 censui,
1116 1121 1156 1140 ne
1182 1111 1257 1151 quis
1281 1112 1334 1142 vel
1359 1122 1429 1141 nou
1452 1112 1560 1142 visam
1595 1111 1685 1144 mihi

398 1160 453 1190 vel
478 1165 686 1189 contemtam
719 1157 784 1187 viri
818 1157 885 1187 cari
911 1155 1021 1194 mihi,
1056 1153 1140 1185 dum
1167 1156 1316 1195 viveret,
1356 1157 1684 1189 commentationem

398 1211 516 1247 putet,
540 1214 689 1245 quorum
714 1203 861 1234 alterum
884 1202 1024 1246 supinae
1048 1201 1297 1244 negligentiae,
1327 1201 1503 1244 auperbiae
1535 1202 1686 1236 alterum

399 1251 498 1282 facile
519 1256 631 1292 posset
654 1248 771 1280 tribui.
