1768 3125
244 171 336 204 11³1
404 173 512 204 DE
580 171 858 204 srn1A
926 173 1115 205 ΒΕΑ.
1309 162 1403 205 383

30 308 160 344 ματα.
216 290 440 331 Menandri
486 293 622 344 fragm.
663 299 732 334 31.
791 296 831 333 in
871 293 1122 346 Peregrinos:
1171 291 1300 341 Eae'vog
1347 293 1404 335 ὢν

33 359 254 416 ἀπράγμων
283 358 398 413 ἴσθι,
427 361 493 400 καὶ
523 358 685 417 πράξεις
713 364 859 410 καλῶς.
917 363 1064 402 Βειτῑ.

349 531 425 580 IN
482 531 579 579 DE
640 531 874 581 SYRIA
918 532 1087 581 DEA.

115 632 218 683 Pag.
251 639 320 674 81.
350 634 379 673 l.
411 639 451 674 2.
474 631 658 674 ’Eo‘ctv
688 633 740 674 ἒν
771 633 967 688 Συρίῃ]
1012 635 1214 675 Lamianus
1252 636 1313 676 hic
1355 637 1403 677 de

29 699 113 739 Dea
144 700 259 752 Syria
285 704 410 741 varias
436 709 606 741 recenset
636 703 859 752 opiniones,
887 716 955 741 seu
979 705 1050 741 illa
1077 703 1304 754 Atergatis,
1335 720 1404 744 seu

28 767 211 819 Astarte,
250 784 318 809 seu
357 784 599 820 quaecunque
639 770 715 807 alia
742 771 812 807 illa
848 770 984 820 suerit,
1021 785 1115 820 qnae
1143 774 1181 809 in
1206 772 1404 822 Hierapoli

28 838 122 875 urbe
151 838 366 876 colebatur:
397 837 500 875 addit
528 844 566 875 et
595 851 704 876 sacra
731 844 769 876 et
797 851 926 876 eorum
955 839 1074 887 ritus,
1117 853 1211 888 quae
1249 841 1404 879 ridenda

28 907 178 954 potius,
208 919 320 954 quam
348 905 547 943 reserenda
585 912 704 943 erant.
767 905 846 944 Cic.
881 904 931 943 L.
952 905 1025 943 III.
1054 906 1100 943 de
1120 905 1252 945 Natur.
1283 908 1403 948 Deor.

29 970 156 1010 Coun.
215 970 427 1021 Utrumque
455 972 499 1010 fit
526 987 595 1021 per
623 972 723 1010 hunc
750 973 944 1011 libellum:
978 974 1107 1026 refert
1134 982 1277 1024 auctor,
1307 983 1405 1014 tecte

3 1038 173 1087 willens,
203 1053 273 1078 nec
300 1053 391 1078 vero
419 1053 524 1078 sacra
563 1047 706 1078 tantum
745 1042 817 1078 ista
857 1033 1069 1090 eorumque
1108 1043 1297 1091 cultores,
1336 1043 1405 1082 sed

27 1108 140 1145 etiam
168 1109 400 1145 narrantium
441 1108 560 1157 talia,
601 1109 706 1146 velut
733 1107 946 1158 Herodoti,
987 1111 1094 1157 cujus
1137 1111 1244 1158 quasi
1272 1124 1405 1159 perso-

26 1188 115 1212 nam
139 1176 292 1224 egregie
310 1175 478 1212 indutam
499 1177 680 1225 imitatur,
710 1176 920 1224 simplicem
950 1176 1220 1215 credulitatem.
1255 1176 1404 1216 Lucia-

29 1256 123 1282 num
164 1249 289 1280 autem
329 1249 520 1281 auctorem
559 1256 667 1292 esse,
706 1243 817 1292 longe
841 1244 990 1281 facilius
1030 1244 1144 1282 credo
1172 1244 1404 1285 WVielandio

29 1307 150 1348 Vers.
193 1308 302 1348 Tom.
346 1308 402 1348 V.
441 1325 481 1359 p.
523 1314 619 1350 289.
661 1317 699 1349 et
736 1309 955 1349 Fritzsclzio
993 1310 1187 1362 Quaestst.
1219 1327 1257 1361 p.
1291 1318 1404 1364 209„

29 1391 144 1426 quam
179 1391 253 1414 non
287 1378 400 1416 credo
440 1392 526 1416 cum
558 1378 726 1417 Gesnero
765 1380 804 1416 iu
831 1377 955 1427 Epist.
982 1378 1035 1429 *ad
1062 1379 1179 1417 Frz'd.
1207 1379 1405 1420 Reitzium

27 1444 107 1494 huj.
138 1443 211 1482 Ed.
242 1444 351 1483 Tom.
381 1446 413 1484 I.
445 1460 484 1494 p.
518 1443 680 1493 CLVI„
720 1445 878 1493 Beli-no,
909 1444 1168 1495 Schmiedem,
1208 1447 1311 1486 Schtz
1339 1463 1405 1488 ero

27 1514 67 1551 in
97 1512 350 1561 compluribus
380 1513 427 1550 ad
457 1513 621 1562 Gregor.
658 1511 828 1550 Corinth.
869 1515 963 1551 locis
1000 1515 1163 1563 aliisque
1201 1517 1294 1554 viris
1319 1531 1405 1555 eru-

27 1579 128 1618 ditis.
193 1580 450 1618 Gesnvermnne
483 1581 601 1618 libros
643 1580 689 1618 de
730 1579 961 1630 Astrologia
1001 1589 1039 1618 et
1078 1582 1124 1620 de
1163 1582 1247 1620 Dea
1287 1583 1404 1634 Syria

27 1647 201 1697 ejusdem
241 1648 384 1686 farinae
420 1647 560 1686 habere
588 1649 782 1696 potuisse?
839 1646 952 1686 Adeo
994 1649 1061 1686 ille
1099 1663 1175 1687 non
1207 1654 1404 1700 perspexit

26 1716 178 1754 leonem
205 1717 302 1765 (aut,
332 1717 366 1754 si
394 1716 531 1764 malis,
558 1716 812 1764 vulpeculam)
855 1716 924 1753 sub
964 1717 1106 1754 asinina
1144 1718 1244 1765 pelle
1282 1720 1404 1758 laten-

27 1790 117 1822 tem.
175 1781 280 1821 Vide
320 1783 433 1821 modo
474 1783 761 1821 callidissimum
788 1784 950 1821 auctoris
980 1783 1028 1821 de
1057 1782 1248 1824 Adonidis
1278 1786 1405 1825 flumi-

26 1852 85 1889 nis
115 1851 239 1889 colore
268 1850 452 1899 judicium
480 1865 563 1900 cap.
595 1855 634 1889 8.
665 1857 780 1898 extr„
822 1852 1097 1901 narrationem,
1141 1855 1200 1890 cui
1227 1855 1310 1902 ipse
1346 1862 1403 1893 te-

26 1920 202 1957 stimonio
241 1932 310 1957 suo
349 1918 465 1957 fidem
492 1919 606 1969 facit,
651 1918 698 1955 de
736 1932 852 1966 parvo
891 1926 1015 1957 terrae
1042 1918 1147 1956 hiatu
1176 1934 1208 1958 c.
1241 1926 1325 1970 13„
1365 1929 1405 1960 et

27 1987 238 2036 complures
268 1987 364 2024 alios
392 1986 496 2024 locos
515 2013 527 2035 ,
563 1986 628 2023 ubi
666 1983 828 2024 Criticae
867 1999 958 2025 suae
985 1986 1186 2025 historicae
1221 1990 1404 2027 veracita-

25 2059 103 2092 tem
153 2055 313 2102 scriptor
357 2054 587 2102 argumentis
637 2054 867 2101 interpositis
917 2054 1075 2103 probat,
1127 2069 1220 2093 anus
1269 2057 1403 2108 instar,

26 2121 133 2170 gravi
161 2121 272 2158 vultu
300 2127 339 2158 et
367 2134 432 2159 ore
461 2120 619 2158 facundo
647 2122 819 2168 puerulis
846 2118 1075 2159 inhiantibus
1111 2123 1331 2173 prodigiosa
1359 2138 1403 2163 ac

25 2189 92 2226 vix
120 2188 338 2237 credibilia,
369 2194 407 2226 et
435 2195 561 2226 tamen
590 2186 774 2225 credenda
790 2214 803 2237 ‚
841 2190 1019 2237 quoniam
1056 2191 1119 2229 vel
1155 2191 1238 2239 ipsa
1263 2191 1402 2230 viderit

26 2256 89 2295 vel
115 2257 172 2294 sic
199 2255 333 2294 tradita
362 2257 569 2305 acceperit,
598 2255 811 2293 referentis.
868 2254 1009 2293 Luam.

111 2321 200 2361 ead.
231 2323 260 2361 l.
290 2329 330 2362 3.
353 2317 475 2376 Ἱρὴ]
509 2322 619 2374 Quae
647 2322 748 2371 apud.
771 2320 898 2371 Xiph.
924 2317 1143 2374 Ἱεράπολις
1170 2324 1243 2375 τῆς
1267 2320 1401 2371 Ἀσίας

26 2390 152 2439 audit,
184 2394 278 2429 252.
308 2388 352 2429 G.
413 2389 524 2428 Olim
549 2389 746 2439 Bambyce
770 2403 793 2428 a
820 2388 984 2428 Seleuco
1011 2390 1232 2439 Hierapolis
1258 2405 1400 2429 nuncu·

24 2464 124 2505 pata.
181 2457 348 2496 Aelicm.
392 2457 440 2496 de
490 2459 603 2495 anim.
645 2456 743 2506 XII,
778 2462 816 2496 2.
877 2457 992 2510 Quod
1038 2464 1076 2496 et
1122 2457 1261 2497 Noster
1308 2472 1400 2498 mox

25 2525 157 2562 innuit.
212 2522 366 2564 sonu.
422 2522 518 2564 Vid.
564 2520 774 2565 Manno-rt.
808 2522 953 2575 Geog-r.
1004 2524 1053 2566 T.
1091 2523 1170 2564 VI.
1223 2523 1328 2564 Part.-
1363 2526 1398 2566 1.

25 2605 65 2640 p.
95 2593 192 2631 510.
227 2605 288 2642 sq.
345 2590 487 2630 Lssmvr.

110 2659 198 2699 ead.
227 2659 255 2698 l.
289 2662 330 2698 4.
372 2656 415 2698 A
426 2656 624 2707 οκέειν]
668 2656 900 2710 Saepissime
940 2657 1011 2699 hac
1048 2660 1089 2700 in
1117 2673 1209 2700 voce
1237 2668 1395 2701 erratur.
