1740 3095
305 156 400 202 480
601 171 1363 204 ADNOTATIONES

304 289 465 340 λάστοις
501 293 614 330 suerit
649 289 821 340 habitus,
860 293 965 337 cuius
1003 292 1155 330 minime
1192 294 1391 342 participes
1428 306 1514 331 esse
1549 293 1667 332 velint

301 363 470 401 homines
492 360 688 397 luxuriosi.
722 357 849 397 GESN.
884 358 999 397 Forte
1027 356 1284 410 ἀηδέστατον,
1311 362 1375 399 vel
1400 357 1665 400 ἀωδέστατον.

300 430 338 469 J.
368 430 404 468 J.
432 428 610 465 VVE‘rsT.
671 424 714 462 Si
753 426 930 463 mutanda
969 433 1049 464 erat
1084 440 1159 464 vox
1191 428 1368 477 vulgata,
1408 428 1666 466 abstinendum

301 498 433 537 saltem
462 501 541 532 erat
568 508 588 531 a
618 494 798 541 barbaris,
828 494 938 541 quale
968 494 1127 531 Gesneri
1153 494 1254 532 istud
1284 492 1567 544 ἆιήὄίστατον,
1597 509 1666 544 pro

301 579 373 613 quo
404 576 521 611 aeque
551 563 589 598 in
618 568 765 609 promtu
794 561 863 597 suit
893 561 1043 608 probius
1072 561 1192 610 illud,
1233 562 1273 598 in
1302 563 1400 610 quod
1431 554 1668 602 lVetsteizius

299 631 428 670 incidit
476 626 733 679 ἀηδέστατον.
793 627 943 665 Poterat
982 630 1093 666 etiam
1130 628 1176 666 de
1216 624 1462 667 ἇεικέστατον
1497 631 1665 679 cogitari.

299 699 357 738 At
395 697 559 735 nondum
594 695 766 743 equidem
795 697 904 733 video
935 696 1143 744 corrigendi
1171 698 1440 734 necessitatem.
1500 697 1668 747 Cynicus

299 782 385 806 eum
415 766 504 803 dicit
533 764 698 801 habitum
726 764 886 800 maxime
916 763 1046 800 decere
1076 765 1211 811 probos
1240 765 1355 813 viros,
1386 778 1495 812 quem
1520 764 1668 802 delicati

299 835 468 873 homines
508 833 674 869 omnium
715 831 878 867 maxime
916 830 1049 877 pudori
1077 831 1148 868 sibi
1178 831 1311 868 ducant
1338 845 1496 880 gerere,
1538 845 1669 879 quem-

299 917 375 952 que
404 902 442 938 hi
470 901 634 937 maxime
665 904 895 935 aversentur.
953 897 1164 945 Impudens
1190 900 1324 947 igitur,
1358 895 1548 949 ἀναιδὴς,
1578 898 1670 936 dici-

298 978 359 1008 tur
387 969 536 1006 habitus
567 964 793 1015 Cynicorum
823 978 872 1001 ex
900 972 1022 1002 mente
1051 964 1244 1003 hominiun
1274 961 1530 1015 ἀκολάστων,
1573 978 1668 1014 quos

297 1038 436 1088 pudeat
473 1033 728 1083 imprudenter
764 1046 807 1070 se
847 1045 1002 1080 gerere,
1043 1033 1070 1070 i.
1112 1046 1146 1070 e.
1188 1040 1229 1070 ut
1268 1047 1359 1071 mox
1393 1035 1474 1081 ipse
1504 1031 1669 1082 Cynicus

297 1106 485 1152 explicat,
535 1095 740 1149 αὐχμηρὸν
789 1092 907 1145 εἶναι,
959 1094 1098 1136 λάσιον
1140 1094 1236 1136 εἶναι
1279 1106 1348 1137 etc.
1417 1099 1537 1147 Atqui
1574 1099 1670 1138 hanc

298 1170 586 1220 imprudentiam
624 1173 704 1203 tum
741 1179 886 1202 morum
896 1196 906 1213 5
944 1172 1021 1202 tum
1050 1165 1223 1214 habitus,
1267 1167 1339 1214 ipsi
1369 1166 1541 1204 affectare
1571 1169 1668 1205 sole-

295 1240 406 1286 bant,
437 1245 474 1274 et
498 1249 588 1274 vero
620 1236 779 1281 jactare,
824 1231 955 1281 Cynici
985 1234 1116 1270 nostri.
1176 1232 1281 1270 Loco
1309 1235 1474 1270 omnium
1503 1234 1670 1272 conferas

296 1306 481 1354 Diogenis
511 1301 644 1351 Cynici
684 1300 952 1348 professionem
981 1298 1066 1337 Vit.
1097 1298 1213 1338 Auct.
1255 1314 1287 1337 c.
1319 1305 1357 1338 9.
1389 1313 1446 1348 sq.
1485 1302 1669 1349 imprimis

298 1388 333 1412 c.
369 1377 432 1411 11.
478 1368 804 1421 Quemadmodum
836 1381 926 1416 ergo
955 1369 994 1404 in
1022 1381 1112 1405 voce
1141 1364 1424 1405 ἀναιδέστατον
1452 1368 1548 1406 nihil
1575 1369 1669 1407 mihi

298 1448 357 1480 est
395 1439 636 1485 offensionis,
680 1438 732 1473 ita
772 1442 896 1472 tamen
932 1448 1007 1471 non
1047 1435 1243 1472 dissimulo
1272 1436 1525 1483 suspicionem
1551 1450 1668 1484 quan-

297 1509 410 1556 dam,
453 1520 563 1555 quam
588 1518 663 1543 vox
689 1516 850 1551 sequens
882 1503 1037 1551 μᾶλλον
1064 1501 1157 1539 mihi
1185 1504 1318 1551 injicit.
1385 1501 1511 1553 Quam
1538 1517 1667 1541 vocem

294 1576 395 1615 malo
442 1586 570 1611 errore
614 1585 636 1609 e
678 1570 913 1619 praecedenti
951 1570 1106 1619 μᾶλλον
1149 1571 1318 1607 iteratam
1359 1583 1443 1607 esse
1481 1572 1666 1619 suspicor.

292 1643 447 1682 L1311M.

383 1707 470 1747 ead.
501 1707 529 1745 Ζ.
561 1710 600 1745 9.
631 1704 839 1759 Κομᾷν]
879 1703 974 1741 Dixi
1014 1706 1089 1752 jam
1125 1718 1238 1753 supra
1274 1704 1322 1742 ad
1359 1718 1440 1753 cap.
1475 1708 1512 1743 1.
1554 1711 1592 1742 et
1619 1704 1671 1742 ad*

295 1778 359 1818 De
387 1775 505 1815 Mort.
533 1773 688 1822 Pei-egr.
720 1786 800 1819 cap.
835 1773 900 1809 15.
958 1770 1123 1808 SOLAN.

382 1843 469 1882 ead.
506 1843 533 1879 I.
569 1846 633 1880 15.
680 1837 741 1877 Τί
777 1835 836 1876 ἂν
873 1833 979 1890 δῴη
1020 1852 1098 1883 τις
1139 1833 1335 1889 ἀνδρὸς
1373 1834 1462 1888 τὴν
1500 1834 1666 1889 αὐτὴν

297 1916 414 1958 τοῖς
457 1907 727 1952 κιναίδόις
769 1901 897 1954 ὀδμὴ
915 1919 936 1941 ν
978 1900 1234 1953 ἔχοντος]
1275 1906 1448 1953 lmperite
1489 1918 1673 1943 versum&

294 1991 332 2019 et
369 1972 521 2032 quidem
559 1974 655 2028 quid
682 1974 845 2026 facies,
884 1986 968 2009 cum
995 1966 1054 2008 ὺίι·
1082 1970 1241 2009 eundem
1269 1987 1353 2010 cum
1377 1971 1549 2010 cinaedis
1576 1972 1667 2010 odo-

295 2063 378 2087 rem
416 2045 582 2084 habeat?
629 2042 793 2080 Debuit:
845 2038 952 2093 Quid
983 2038 1095 2076 daret
1131 2042 1215 2090 quis
1248 2054 1326 2087 pro
1365 2042 1472 2088 viro,
1524 2042 1666 2088 (quanti
1710 2028 1713 2029 ⁷

295 2117 511 2154 aestimaret
549 2113 685 2154 virum)
725 2111 792 2160 qui
830 2106 988 2144 eundem
1026 2121 1110 2144 cum
1148 2106 1320 2145 cinaedis
1355 2107 1454 2144 oleat
1483 2106 1664 2146 odorem?

300 2182 427 2229 Vide,
470 2193 565 2228 quae
605 2178 685 2214 dixi
721 2179 760 2213 iu
795 2174 932 2223 Ellipsi
971 2187 1143 2222 praepos,
1185 2171 1284 2212 ἀντί.
1325 2173 1375 2212 L.
1415 2174 1511 2213 Bos.
1569 2174 1666 2213 Vid.

298 2249 439 2288 Lamb.
479 2247 575 2284 Bos.
629 2245 675 2282 de
717 2243 855 2291 Ellipsi
905 2256 1031 2289 praep,
1075 2238 1173 2279 ἀντί.
1229 2240 1378 2279 SOLAN.
1443 2242 1475 2280 I.
1515 2256 1549 2280 e.
1590 2241 1664 2280 Ed.

296 2316 440 2369 Schie'f.
490 2330 527 2363 p.
572 2317 667 2351 667.
738 2310 800 2348 De
842 2310 959 2347 forma
1001 2316 1123 2345 autem
1167 2303 1248 2361 δῴη
1292 2310 1367 2347 vid.
1407 2309 1453 2347 ad
1489 2308 1664 2348 Hermot.

299 2391 332 2425 c.
368 2389 433 2423 19.
466 2381 575 2419 Tom.
606 2379 682 2418 IV.
714 2393 750 2426 p.
784 2382 876 2416 397.
928 2375 1040 2412 Adde
1066 2375 1117 2411 ibi
1145 2372 1355 2429 μεταδοίης
1382 2390 1477 2414 nunc
1508 2376 1663 2415 editum.

296 2453 360 2492 De
388 2450 519 2488 Paras.
551 2462 582 2486 c.
618 2452 653 2484 1.
684 2459 704 2483 e
735 2444 855 2484 Codd.
883 2443 1040 2480 duobus.
1098 2441 1248 2481 LEHM.

384 2519 484 2566 Pag.
528 2520 622 2554 201.
662 2513 703 2550 I.²
732 2516 798 2549 11.
837 2506 987 2559 ιΥμΐν
1026 2508 1104 2555 δὲ]
1145 2509 1213 2547 Al.
1253 2504 1345 2559 ἡμῖν
1386 2506 1440 2546 δέ.
1501 2508 1662 2548 GUYET.

298 2585 378 2624 Sed
414 2586 609 2635 vulg-atum
643 2585 828 2630 praestat,
867 2577 968 2627 quod
1003 2575 1041 2615 J.
1072 2576 1172 2617 Par.
1208 2576 1331 2615 Salm.
1371 2583 1442 2615 etc.
1473 2575 1661 2615 exhibent.

295 2652 446 2694 RmTz.
