1768 3125
289 173 1137 209 INCHARIDEMUM.
1343 162 1438 208 621

146 297 248 347 Pag.
280 301 375 335 270.
407 296 436 336 ἲ.
468 301 532 336 11.
556 290 784 343 Τούτοις
815 292 1178 337 ἀπαλλάττειν
1207 296 1293 346 με]
1317 294 1437 337 Scho-

59 366 213 405 lasticus
243 372 372 403 auctor
399 378 512 413 saepe
542 367 656 403 nimia
687 368 977 415 transpositione
1008 367 1179 404 tenebras
1225 365 1437 414 legentibus

59 436 201 482 objicit.
263 433 521 472 Consu-nenda
551 435 601 471 ita
631 441 688 471 est
717 437 857 472 oratio:
890 432 1056 472 Βέλτιον
1083 425 1131 483 ἦν
1162 428 1318 478 τούτοις
1340 430 1438 484 ἀγα-

58 503 195 540 πῶντα
240 497 505 539 ἀπαλλάττειν
542 516 591 551 με
622 503 700 539 τῶν
732 501 945 554 ὁυςχερῶν.
1009 499 1204 550 conabar,
1235 515 1320 539 cum
1360 502 1439 549 pri-

56 584 160 608 mum
207 570 373 618 legerem
423 568 493 606 hoc
542 571 786 619 opusculum,
841 570 1041 608 emendare
1071 570 1181 607 talia:
1232 569 1299 607 sed
1347 581 1439 608 mox

56 639 179 685 sensi,
208 652 251 675 ea
282 638 327 674 ab
354 644 503 675 auctore
534 637 701 675 affectata
731 652 828 676 esse.
889 637 1015 676 GESN.

140 704 242 753 Pug.
277 709 370 742 271.
407 704 436 741 l.
481 709 517 743 1.
561 699 839 756 Ἕτέρωσε]
893 705 969 744 Pro
1009 702 1208 758 ἑτέρωθι,
1250 710 1292 742 nt
1323 717 1439 753 supra

55 768 278 822 πολλαχόσε
308 786 375 820 pro
407 772 626 822 πολλαχοῦ,
661 773 825 812 (iun-21⁸.

137 839 227 877 ead.
261 840 288 876 l.
318 844 359 877 7.
396 835 576 893 Τούτῳ
609 839 691 889 δὲ]
730 840 799 893 Τῷ
828 835 977 878 κάλλει.
1038 838 1202 878 Gmrm.

135 906 224 945 ead.
255 907 282 944 I.
319 912 383 944 10.
422 905 624 958 4κίέγειν
671 905 864 946 ἕκαστα
904 904 1089 953 δόξαν]
1143 907 1260 956 Scio,
1314 902 1437 953 δόξαν

50 988 163 1022 posse
193 974 361 1012 absolute
391 975 577 1024 intellig-i,
608 990 692 1014 cum
722 974 913 1013 videatur.
975 974 1077 1024 Scio,
1118 989 1192 1013 non
1221 975 1282 1012 hic
1312 976 1438 1013 solum

52 1043 327 1080 tenebricosum
355 1055 439 1081 esse
471 1058 560 1091 prae
602 1043 758 1080 ornandi
799 1044 925 1081 studio
961 1051 1163 1081 auctorem.
1223 1042 1274 1080 Et
1311 1050 1437 1082 tamen

51 1110 269 1148 verisimilis
306 1109 400 1148 mihi
438 1111 591 1148 videtur
631 1113 783 1159 antiqua
822 1114 1034 1159 conjectura
1072 1125 1178 1159 mea,
1230 1111 1437 1160 leg-endum

50 1190 136 1215 esse
187 1173 374 1223 δόξαντα.
436 1176 549 1216 Certe
603 1180 657 1216 sic
705 1179 851 1216 facilius
904 1178 1025 1216 fluere
1074 1181 1309 1227 orationem,
1370 1181 1436 1228 qui

52 1243 197 1282 Graece
227 1247 589 1295 sciunt,'se11tient:
621 1253 722 1284 certe
749 1248 829 1284 sine
860 1246 991 1284 fraude
1021 1247 1134 1284 fuerit
1163 1245 1343 1284 Latinam
1376 1248 1436 1283 in-

51 1314 356 1361 terpretationem
396 1327 441 1350 eo
478 1313 791 1352 accommodasse.
849 1313 983 1362 Neque
1027 1316 1176 1352 turbare
1212 1329 1280 1352 nos
1324 1314 1436 1352 debet:

51 1380 149 1417 illud
181 1380 258 1418 δεῖν
287 1379 434 1430 λέγειν,
466 1396 532 1429 pro
562 1380 762 1432 λέγεσθαι.
823 1380 886 1419 Sic
919 1384 1019 1420 enim
1050 1390 1179 1419 auctor
1217 1384 1329 1420 etiam
1369 1396 1434 1420 su-

51 1461 119 1496 pra
150 1462 182 1485 c.
217 1450 284 1487 15.
313 1463 364 1486 m.
394 1447 648 1498 μισουμένων
678 1448 742 1486 καὶ
774 1445 866 1487 οὐδὲ
886 1447 1145 1500 προςβλέπειν
1171 1447 1433 1500 ἁξιοιχιιένων,

51 1517 117 1553 ubi
146 1518 293 1563 passivo
334 1530 408 1553 non
452 1518 576 1554 minus
615 1531 710 1565 opus
741 1524 832 1554 erat.
865 1515 994 1555 Gnss.
1055 1516 1186 1555 Aliter
1223 1517 1434 1568 Micyllus,

52 1585 118 1632 qui
150 1580 272 1628 δόξαν
315 1598 382 1632 pro
413 1583 654 1622 Substantivo
694 1586 845 1622 nomine
885 1587 1054 1633 accepit,
1091 1587 1146 1623 sic
1180 1587 1306 1623 locum
1343 1601 1434 1625 ver-

52 1657 160 1690 tens:
195 1650 378 1689 Plurima
407 1655 506 1689 enim,
535 1652 708 1704 wmle‘que
736 1655 1006 1701 ce‘rcmnsiant,
1042 1668 1141 1704 quae
1170 1663 1204 1690 et
1234 1656 1323 1702 ipsa
1348 1669 1432 1692 eam

51 1717 102 1756 de
131 1733 171 1756 se
199 1721 414 1777 opinionem
436 1719 650 1768 praebent,
692 1723 804 1771 quasi
840 1721 997 1768 singula
1025 1735 1155 1758 eorum
1178 1725 1308 1769 primo
1349 1722 1431 1761 Ioco

52 1786 133 1825 dici
161 1786 350 1836 debeant;
381 1788 494 1836 idque
523 1788 730 1826 secundum
760 1788 1033 1825 distinctionem
1062 1790 1285 1836 verborum,
1318 1806 1431 1838 quam

52 1854 233 1893 exhibent
281 1855 381 1893 Bas.
432 1860 468 1893 1.
510 1863 545 1893 et
577 1861 617 1893 3.
659 1856 822 1893 πλεῖστα
875 1853 951 1906 γὰρ
1002 1852 1279 1905 πολλαχόθξν,
1327 1854 1433 1896 αὐτὰ

52 1922 192 1974 πρῶτοι
223 1921 302 1960 δεῖν
333 1921 454 1973 λέγειν
484 1919 660 1971 ἕκαστα,
706 1919 828 1968 δόξαν
859 1921 1112 1973 παρίστησιν.
1172 1923 1283 1974 Quae
1321 1926 1431 1974 ratio,

50 1990 139 2028 licet
178 1991 287 2028 valde
328 1990 418 2027 dura
450 1997 487 2027 et
517 1996 707 2039 contorta,
750 1990 856 2038 adeo,
877 1997 1002 2027 tamen
1028 2004 1101 2026 non
1131 1998 1188 2028 est
1231 1992 1277 2029 ab
1316 1991 1429 2041 hujus

51 2058 146 2094 fatui
175 2057 337 2095 hominis
368 2058 470 2107 stylo
503 2058 647 2103 aliena,
685 2046 726 2093 ut
754 2071 829 2094 non
858 2064 957 2094 certe
989 2071 1143 2095 necesse
1172 2059 1343 2097 videatur
1383 2061 1431 2098 ad

51 2125 171 2162 ullam
199 2126 398 2173 confugere
428 2125 738 2162 emendationem.
795 2123 984 2162 Absolute
1005 2133 1128 2163 autem
1152 2123 1273 2172 δόξαν
1295 2142 1430 2176 capere

51 2191 89 2229 h.
121 2193 149 2230 l.
179 2194 306 2230 nescio
334 2206 380 2230 an
409 2193 573 2242 nemini,
600 2194 675 2229 nisi
709 2192 870 2230 Gesneri
898 2195 1066 2243 monitu,
1108 2195 1148 2231 iu
1177 2201 1341 2232 mentem
1364 2210 1430 2235 ve-

51 2261 161 2301 nerit.
218 2258 360 2299 me.

137 2327 239 2377 Pag.
273 2333 368 2367 272.
394 2328 422 2366 l.
454 2333 492 2366 3.
538 2322 884 2380 Πράττομεν,
924 2325 1106 2379 σχοίη]
1148 2326 1258 2380 Lege
1298 2344 1429 2383 πρατ-

56 2390 200 2444 τόμενα
239 2395 367 2446 σχοίη.
414 2394 582 2432 ΟυΥΕΤ.
631 2395 749 2444 quue
798 2398 949 2434 omnino
985 2399 1239 2435 necessarium
1273 2399 1426 2438 credidi.

56 2462 204 2502 Rmrz.
264 2459 534 2514 ῙΙραττόμενα
574 2463 686 2514 σχοίη
726 2465 927 2513 legendum
968 2479 1075 2514 esse,
1124 2466 1260 2513 facile,
1298 2467 1426 2516 credo,

50 2532 211 2579 quisque
240 2531 362 2579 videt,
391 2538 428 2568 et
458 2531 656 2581 viderunt,
696 2539 807 2580 puto,
839 2534 1053 2580 superiores
1082 2534 1317 2581 interpretes.
1363 2530 1426 2571 Τὰ

55 2594 270 2651 πράγματα
319 2595 396 2649 ἔχει
447 2592 489 2638 εὖ
542 2594 795 2652 πραττόμενα
852 2600 1038 2650 significat
1098 2592 1139 2639 εὖ
1199 2596 1426 2654 πράττεται,

52 2665 183 2711 Gesn-
