1740 3095
280 161 374 206 568
621 174 1391 208 ΑΒΝοΤ-ΑῬῙΟΝΕΒ

280 290 441 345 ‹3312on
481 293 581 342 quod
618 294 745 342 palam
785 300 1000 343 corruptum
1044 295 1258 343 rejecimus.
1317 292 1510 333 Sententia
1551 294 1647 333 lecta

281 362 548 400 emendationis
598 362 780 399 rationem
831 363 922 400 satis
971 363 1127 410 aperiet.
1180 360 1336 400 SonAN.¹
1391 362 1547 400 Alludit
1599 361 1648 400 ad

279 442 405 477 mare,
431 428 530 477 quod
558 434 697 465 terram
724 429 891 467 inundat.
926 429 1062 479 Guyet.
1093 427 1223 467 Nexus
1262 443 1335 466 non
1365 430 1523 467 admittit
1553 428 1649 467 hanc

280 496 515 534 allusionem.
573 493 653 533 Sed
671 495 811 533 solani
836 498 1046 544 conjectura
1074 510 1163 534 vera
1193 503 1270 534 est:
1301 510 1424 544 neque
1452 499 1648 544 quisquam

282 563 489 611 dubitabit,
519 561 667 600 κλαίειν
695 560 784 601 τινὰ
813 570 914 601 recte
943 563 1040 613 dici,
1083 565 1147 612 qui
1174 564 1310 612 legerit
1347 562 1508 600 Homer.
1538 563 1647 601 Iliad.

283 627 338 679 Ω,
381 634 475 668 511.
501 651 559 658 —-
587 631 719 667 κλαῖεν
769 626 833 668 {ov
877 627 1023 680 πατέρ’
1054 652 1112 658 —-
1155 622 1248 668 αὖτε
1288 625 1541 681 Πάτροκλον.
1600 628 1650 666 Et

280 697 447 735 Aelicm.
477 694 532 735 V.
561 696 615 735 H.
646 696 722 746 VI,
757 702 793 736 1.
823 693 985 746 νεκροὶ-ς
1021 696 1183 736 κλαίειν.
1240 697 1414 746 Ignoscet
1443 711 1532 745 ergo
1559 697 1650 734 Ges·-

282 779 366 803 ner.
406 764 506 813 quod
544 766 755 802 versionem
783 763 845 802 hic
877 766 1112 802 mutaverim.
1161 764 1310 804 Rm‘rZ.
1374 765 1540 802 Gesnero
1580 763 1651 801 hu-

282 833 384 870 mani
421 832 511 880 quid
547 832 726 870 accidisse
778 832 946 881 videtur,
998 833 1063 879 qui
1113 834 1287 870 verterit:
1339 831 1528 870 liberavit.
1587 829 1652 869 Sic

284 895 420 937 ἔκλυσε
449 901 577 938 nescio
602 912 648 936 an
676 895 813 948 ἔλυσε,
854 906 917 936 aut
955 897 1122 948 ἐξέλυσε,
1162 901 1391 948 cogitaverit.
1449 897 1527 937 Nec
1562 912 1653 936 vero

285 966 332 1004 de
361 962 526 1004 ἕκλαυσε
555 980 616 1004 res
646 966 740 1004 adeo
770 973 827 1004 est
855 973 979 1013 certa,
1017 973 1059 1003 ut
1085 968 1208 1004 visum
1232 966 1379 1003 Solano
1417 973 1454 1004 et
1482 965 1651 1003 Reitzz‘o.

286 1032 438 1085 Quippe
466 1034 651 1082 ineptior,
695 1035 806 1071 etiam
844 1048 910 1081 pro
949 1032 1060 1080 hujus
1099 1035 1258 1071 auctoris
1295 1034 1467 1082 ingenio,
1506 1033 1654 1070 videtur

286 1099 379 1137 mihi
429 1102 598 1148 junctura
639 1096 803 1137 ἴκλανσε
847 1096 1134 1150 δακρυῤῥοῶν,
1186 1099 1341 1150 deflevit
1387 1098 1653 1149 lacrymando,

287 1168 394 1215 quasi
451 1168 562 1204 etiam
613 1168 721 1204 siccis
785 1167 904 1204 oculis
953 1166 1093 1203 deflere
1144 1179 1259 1214 queas
1306 1167 1458 1203 alterius
1500 1173 1652 1204 sortem.

288 1234 430 1285 Quidni
462 1248 550 1282 ergo
578 1230 715 1271 ἔκλυσε
743 1235 998 1271 retineamus?
1027 1240 1133 1281 tropo
1163 1233 1312 1281 quidem
1341 1247 1416 1270 non
1443 1234 1584 1283 solum,
1613 1239 1655 1271 ut

292 1301 439 1352 Guyeio
467 1302 629 1350 placuit,
669 1300 717 1338 ad
757 1300 867 1338 deum
896 1302 1034 1349 maris,
1075 1300 1143 1338 sed
1172 1302 1284 1338 etiam
1311 1300 1358 1338 ad
1386 1301 1571 1349 loquentis
1597 1302 1655 1338 in-

289 1368 416 1406 dolem
448 1382 490 1406 ac
516 1375 753 1417 praesentem
781 1370 1026 1414 sententiam,
1071 1381 1295 1415 quamquam
1330 1382 1403 1405 non
1446 1370 1526 1406 sine
1565 1367 1656 1405 affe-

288 1441 386 1473 ctato
427 1435 586 1484 quodam
622 1442 794 1484 tumore,
847 1437 936 1473 satis
982 1436 1229 1473 convenienti.
1288 1433 1489 1484 Lacrymis
1526 1435 1655 1472 effusis

289 1504 396 1551 quasi
425 1503 517 1540 eluit
541 1503 809 1541 adulteriorum
835 1510 1012 1551 patronus
1042 1502 1262 1540 difficultate
1303 1504 1448 1540 consilii
1485 1501 1656 1538 laboran-

289 1577 360 1610 tes.
418 1569 626 1620 Imaginem
654 1571 813 1608 vinculis
843 1571 1123 1607 constrictorum
1153 1570 1340 1608 desertam
1379 1571 1420 1607 in
1457 1567 1527 1606 hoc
1564 1569 1656 1607 scri-

290 1644 397 1687 ptore
423 1652 496 1675 non
523 1644 580 1675 est
608 1637 708 1685 quod
739 1639 891 1676 mirere.
949 1636 1103 1675 LEHM.
1127 1633 1132 1638 ’

376 1703 464 1744 ead.
495 1705 523 1743 l.
555 1706 620 1745 15.
648 1700 910 1747 'Ene‘xeato
942 1701 996 1741 δὲ
1026 1705 1091 1759 τῷ
1119 1699 1246 1757 ζΗφ]
1286 1702 1432 1754 Odyss.
1478 1700 1529 1752 Θ,
1559 1703 1656 1741 354.

292 1768 445 1812 SoLAN.

376 1839 478 1888 Pag.
524 1843 619 1878 229.
656 1839 683 1877 ἶ.
731 1843 770 1878 1.
811 1833 1164 1891 Πρεσβύτην]
1225 1831 1514 1886 Πρεσβύτατον
1550 1835 1659 1874 θεῶν

293 1913 401 1944 vocat
423 1909 505 1955 ipse
533 1905 682 1954 Jupiter
717 1904 795 1944 Od.
820 1905 875 1955 Ν,
908 1909 1002 1944 142.
1030 1904 1126 1944 Vid.
1151 1903 1303 1953 Spanlz.
1329 1905 1376 1942 ad
1395 1900 1656 1952 Aristophan-

292 1972 395 2012 Plut.
429 1975 551 2013 1051.
581 1974 645 2011 ubi
674 1972 925 2025 npeoss’vrexoi
955 1970 1058 2010 θεοί.
1118 1971 1244 2011 GESN.

378 2039 465 2078 ead.
496 2040 524 2078 2.
555 2042 595 2079 5.
628 2039 684 2079 M
693 2036 716 2090 ἡ
756 2041 870 2091 μοι]
912 2040 1068 2088 Ellipsis
1116 2040 1187 2078 τοῦ
1238 2035 1346 2089 λέγε,
1395 2037 1456 2075 vel
1508 2038 1656 2076 similis.

293 2104 351 2145 Ita
391 2108 471 2145 sere
497 2092 643 2146 Chorus
683 2108 783 2156 apud
809 2106 1045 2155 Sophoclem.
1085 2105 1197 2155 Ajac.
1228 2104 1420 2154 Flagellis.
1453 2108 1545 2144 192,
1587 2100 1659 2154 μὴ,

295 2170 352 2225 μή
378 2171 430 2224 μ’
473 2171 574 2220 ἄναξ
601 2188 638 2212 κ.
669 2188 704 2213 τ.
736 2175 772 2212 λ.
809 2176 873 2211 ubi
900 2167 1135 2212 Scholiasta:
1177 2169 1222 2211 τὸ
1266 2173 1434 2223 πλῆρες,
1476 2169 1561 2222 μὴ,
1602 2167 1658 2221 μή

294 2257 380 2292 μοι.
436 2240 645 2291 Aristopb.
688 2240 816 2289 Equit.
855 2245 921 2280 19.
959 2236 1016 2291 μή
1056 2255 1125 2290 μοι
1164 2254 1228 2290 γε,
1266 2234 1323 2289 μή
1352 2252 1443 2288 μοι,
1483 2235 1539 2289 μὴ
1570 2237 1660 2276 δια-

296 2307 565 2359 σκανόικῖσης.
623 2306 703 2346 Sed
726 2310 940 2356 respexisse
967 2309 1117 2356 proprie
1135 2307 1281 2345 videtur
1306 2313 1434 2344 auctor
1453 2304 1659 2354 Aristoph.

296 2375 404 2428 Νεφ.
434 2381 502 2415 83.
530 2390 611 2424 seq.
646 2374 755 2413 (DEI.
813 2372 880 2425 Νὴ
909 2371 977 2413 τὸν
1004 2373 1192 2413 Ποσειδῶ
1219 2372 1376 2412 τουτονὶ
1403 2370 1473 2412 τὸν
1487 2369 1658 2411 Ἵππιον.

298 2442 420 2483 ΞΤΡ.
479 2438 557 2493 Μή
595 2455 664 2492 μοι
705 2456 747 2492 γε
786 2442 928 2480 τοῦτον
967 2440 1167 2492 μηδαμῶς
1209 2437 1277 2479 τὸν
1312 2436 1480 2478 Ἵππιον.
1534 2439 1658 2478 Gnsx.

298 2508 486 2558 Explanat
521 2510 615 2547 hanc
654 2510 805 2557 ellipsin
843 2510 948 2546 locus
976 2508 1150 2547 Hermot.
1193 2522 1224 2546 c.
1266 2510 1334 2546 40.
1375 2507 1537 2546 Omnino
1580 2505 1658 2544 vid.

299 2575 524 2620 Conunentt.
556 2577 603 2614 ad
627 2575 680 2613 L.
709 2575 804 2614 Bos.
834 2576 995 2624 Ellipss.
1031 2591 1070 2624 p.
1099 2579 1194 2614 636.
1223 2574 1366 2628 Sclu’cf
1424 2573 1574 2612 Lssnm.

382 2643 479 2683 ibid.
520 2642 565 2686 Κ
573 2639 899 2690 ακόὸουλον]
944 2642 1092 2694 Lepide
1128 2644 1306 2685 miseram
1343 2641 1532 2682 servitutis
1571 2652 1661 2680 suae
