1758 3125
285 184 685 217 rumorxrmms
720 185 1079 217 mssssnwwxo.
1319 172 1411 215 673

2 362 104 416 s'zvyv
145 365 269 415 λῆψιν
314 360 564 414 Οὗοὶογὲσου
603 363 669 401 καὶ
707 360 779 413 τὴν
814 359 984 401 Οσοοου
1025 359 1184 414 σφαγὴν
1222 376 1259 400 κ.
1299 377 1334 401 τ.
1371 363 1407 400 λ.

32 422 94 460 De
123 420 272 460 Parthis
308 427 345 459 et
380 420 441 458 hic
470 421 730 458 mentiebatur.
790 418 987 457 Caeterum
1022 434 1094 468 qua
1123 433 1190 467 spe
1221 421 1410 467 prosecuti

32 480 106 516 sint
133 476 326 515 Julianum
363 478 495 526 amici,
539 476 745 515 LmANms
760 481 791 522 ²¹)
829 477 992 525 indicat,
1032 491 1115 514 cum
1144 475 1249 514 Deos
1288 483 1410 525 rogat,

31 535 175 582 velint,
217 536 391 583 jubeant,
407 528 629 600 ἡμετέραν
672 531 864 585 στοατιοὶν
907 533 946 571 ἐν
985 529 1158 578 Σούσοις
1201 532 1408 582 deminuat

31 590 204 642 Περσῶν
235 586 534 641 οἶνοχοουντων.
578 591 705 628 ταῦτα
736 585 924 640 εὔχεσθαι
957 587 1079 628 καὶὸν
1093 619 1104 637 ,
1135 591 1263 628 ταῦτα
1294 586 1408 628 ⁶520-

30 661 101 700 γον
140 647 378 702 προςὸοκιῖν.
437 646 516 685 Nec
556 655 641 695 post
680 649 821 685 obitum
856 647 1124 696 Imperatoris,
1166 660 1208 684 se
1238 648 1409 695 aliosque

30 718 74 742 ea
112 718 180 753 spe
222 706 363 753 fuisse,
406 704 619 742 dissimulat
660 705 760 742 idem
799 703 1000 753 Sophista‚
1052 718 1136 741 cum
1175 705 1333 742 alteram
1371 706 1410 741 in

30 775 160 799 necem
188 762 293 800 illius
322 758 571 807 orationemb)
602 763 652 799 ita
683 763 915 809 auspicatur:
959 758 1035 798 ἔδει
1061 758 1154 810 μὲν,
1195 753 1227 799 ὦ
1258 756 1410 810 παρόν-

30 831 114 866 τες,
159 813 258 870 ἅπερ
294 814 456 869 ἤλπιζον
487 813 561 868 ἐγώ
591 832 631 856 τε
661 818 726 855 καὶ
758 814 901 863 πάντες
931 814 1166 868 ἄιθοωποι,
1214 814 1258 856 τὸ
1298 815 1362 855 τί)
1368 831 1410 863 ος

32 872 234 927 εἰληφέναι
277 874 342 912 καὶ
383 872 455 924 τὴι
492 875 572 912 τῶν
602 874 774 925 ΙῙεοσῶν
806 872 933 924 (Ξοχῖμν
963 874 1048 911 νὐιὶ
1081 875 1408 912 κ(ιῑα)ελ.ὗσ“ὶαι·

32 932 101 981 τῆς
151 928 194 968 δὲ
241 929 396 969 ἐκείνων
442 931 515 980 7524·
549 911 773 979 ζΡωιιοῑιινυς
816 929 1015 980 ἀογοντας
1055 927 1141 967 ἀντὶ
1183 931 1410 968 Σιτοοιπῶν

30 987 300 1037 ἐπιμελεῖσθαι
339 983 478 1035 νόμοις
503 981 708 1038 ἧμετέοοις
738 1001 774 1026 κ.
807 1002 842 1026 τ.
879 988 914 1025 7.
947 994 983 1025 et
1013 994 1097 1035 post
1125 988 1244 1024 multa
1274 988 1347 1024 alia
1360 991 1410 1033 ⁰),

24 1039 165 1092 ῬΙμεῖς
209 1041 283 1093 μὲν
324 1039 491 1093 οἰόμεθα
530 1058 602 1094 την
641 1044 813 1094 Πεοσῶι
852 1040 1014 1082 ἅπασαν
1048 1041 1170 1095 μέσος
1202 1039 1410 1093 Ρ(ι)μαίων

29 1096 193 1139 ἔσεσθαι
233 1115 269 1138 κ.
309 1114 345 1138 τ.
392 1101 428 1137 λ.
486 1099 567 1138 Nec
605 1115 734 1148 parum
777 1101 824 1138 ad
853 1115 933 1138 rem
962 1108 1127 1138 nostram
1155 1101 1268 1148 facit,
1310 1101 1411 1149 quod

28 1157 130 1194 idem
159 1155 370 1194 mems
401 1170 487 1194 cum
514 1157 674 1194 feliciter
702 1164 738 1195 et
765 1166 916 1194 strenue
946 1171 967 1194 a
992 1156 1146 1195 Juliano
1173 1165 1279 1207 gesta
1308 1166 1410 1194 retu-

29 1214 163 1262 lisset,
204 1212 269 1251 καὶ
307 1208 480 1260 τούτων,
523 1214 642 1261 inquit
659 1210 724 1262 tl),
768 1211 934 1252 ἕκαστον
975 1209 1124 1264 ἤγγειλε
1161 1213 1235 1263 μὲν
1267 1210 1407 1262 οὐδεὶς,

29 1267 102 1319 τὴν
144 1267 187 1308 δὲ
225 1271 306 1308 τῶν
346 1264 532 1320 ὁρώντων
569 1264 682 1319 ἡμεῖς
716 1265 866 1320 ἡδονὴν
895 1265 1102 1320 ἡδόμεθα,
1145 1266 1408 1318 πιστεύοντες,

5 1322 56 1365 κῖὶ
98 1322 147 1378 δὴ
184 1325 250 1364 καὶ
287 1325 481 1377 ἐγίγνετο,
526 1322 779 1376 γενήσεσθαι.
839 1326 883 1365 Si
914 1329 1012 1365 enim
1043 1329 1201 1366 oratoris
1230 1327 1411 1365 flosculos

5 1383 179 1433 *demas,
220 1383 322 1420 illud
361 1390 460 1420 certe
499 1384 747 1432 relinquitur,
790 1386 953 1422 incertos
992 1391 1029 1422 et
1055 1386 1135 1422 sine
1166 1392 1316 1422 auctore
1348 1399 1410 1421 ru-

28 1454 183 1487 mores,
214 1454 263 1478 ex
292 1440 454 1487 studiis,
483 1447 524 1477 ut
553 1439 622 1488 fit,
660 1440 850 1478 hominnm
880 1448 1008 1489 ortos,
1050 1443 1300 1489 praecessisse
1329 1448 1410 1478 tan-

29 1505 89 1540 tae
129 1497 318 1534 felicitatis
356 1498 548 1536 nuncium.
608 1495 722 1548 Quod
765 1499 863 1535 enim
893 1497 1121 1535 Antiochiae
1161 1498 1298 1535 sactum
1338 1505 1409 1545 est,

27 1554 112 1591 loco
141 1554 296 1592 Persiae
325 1554 516 1602 propiori,
560 1555 649 1603 quin
679 1568 797 1603 aeque
828 1553 1152 1603 Constantinopoli
1181 1556 1230 1593 sit
1256 1555 1410 1604 sactum,

29 1609 125 1647 nihil
154 1611 324 1658 impedit.

113 1665 303 1705 XXXV.
345 1666 458 1718 Quod
496 1682 586 1706 vero
615 1665 841 1717 Aegyptum
872 1665 1172 1717 δεδουλωμένην
1200 1667 1292 1705 filiis
1321 1668 1411 1705 reli-

29 1729 176 1761 cturum
219 1737 261 1762 se
305 1731 432 1772 sperat
470 1723 658 1774 Triepho,
713 1725 753 1761 id
792 1726 930 1762 mirum
971 1726 1083 1762 alicui
1121 1724 1241 1762 videri
1284 1731 1409 1772 queat,

29 1794 116 1818 cum
154 1780 200 1818 de
229 1781 438 1830 Aegyptiis
477 1782 627 1829 imperii
663 1779 825 1818 Romani
864 1781 1058 1829 hostibus,
1103 1782 1167 1819 vel
1202 1782 1410 1819 rebellibus

28 1838 178 1886 potius,
220 1838 259 1875 in
298 1836 441 1876 Juliaui
478 1836 633 1876 historia
672 1838 778 1875 nulla
818 1837 885 1875 fiat
923 1840 1079 1876 mentio.
1149 1836 1226 1875 Sed
1265 1839 1304 1874 iu
1340 1837 1411 1875 hoc

27 1895 111 1942 ipso
150 1894 263 1932 etiam
299 1895 530 1943 praesidium
569 1908 723 1932 caussae
765 1908 872 1931 meae
912 1896 1103 1932 invenisse
1140 1893 1233 1930 mihi
1265 1894 1409 1932 videor.

30 1948 183 1988 Scilicet
210 1949 422 2000 Aegyptii,
463 1951 508 1989 ab
537 1952 661 1988 innata
690 1951 825 1987 animis
855 1951 1029 1999 levitate,
1068 1950 1115 1987 ad
1144 1950 1347 1988 seditiones
1374 1957 1411 1988 et

26 2020 93 2046 res
121 2021 237 2045 novas
265 2008 372 2045 fuere
401 2021 552 2054 semper
581 2006 693 2055 quam
722 2008 886 2044 maxime
916 2008 1103 2055 proclives
1117 2010 1174 2054 e):
1212 2021 1280 2044 nec
1307 2014 1412 2055 post-

7 2077 144 2114 1quam
186 2061 398 2102 Christiana
436 2065 534 2101 inter
562 2077 627 2101 eos
656 2064 794 2112 religio
824 2064 1007 2112 invaluit,
1045 2065 1227 2112 populare
1254 2063 1326 2101 hoc
1354 2065 1412 2101 vi-

29 2122 125 2159 tium
163 2126 372 2168 exuerunt,
414 2126 455 2157 ut
483 2121 608 2167 potius
636 2118 729 2157 haec
757 2122 838 2168 ipsa
867 2133 980 2168 saepe
1009 2121 1200 2158 turbarum
1230 2122 1412 2158 maxima-

29 2190 114 2216 rum
154 2183 192 2216 et
230 2166 650 2226 periculosissimariun'
675 2178 932 2225 occasionem,
969 2178 1148 2215 innocens
1177 2184 1302 2214 tamen
1329 2179 1412 2225 ipsa

29 2247 99 2285 per
135 2247 205 2284 se,
240 2233 365 2271 demta
403 2231 598 2271 hominum
628 2233 794 2282 malitia,
832 2229 1103 2282 praebueritf).
1161 2232 1308 2272 Aetate
1342 2232 1411 2272 Ju-

34 306 78 346 δ’
111 302 186 359 ἐγώ
213 320 321 353 τινος
349 304 415 344 και
443 302 494 344 τοὶ
521 303 719 356 μέλλοντα
742 300 1117 374 συνγεγραφηκότος
1144 300 1314 355 ἥκουσα,
1345 304 1411 343 καὶ

77 2376 124 2418 a)
147 2380 243 2412 Orat.
267 2389 350 2411 vm.
372 2390 458 2422 quae
483 2386 532 2411 est
554 2378 718 2422 Panegyr.
741 2381 776 2412 in
801 2379 930 2412 Julian.
955 2391 990 2423 p.
1014 2379 1095 2411 250.
1120 2379 1163 2411 Τ.
1188 2378 1239 2412 II.

76 2422 128 2466 b)
152 2426 255 2457 Tom.
282 2423 334 2457 ΙΙ.
358 2424 508 2459 Xmam.
534 2436 568 2468 p.
593 2425 675 2456 260.

77 2467 121 2512 c)
146 2470 227 2512 Pag.
249 2471 329 2502 325.
353 2470 399 2502 D.

78 2514 128 2557 d)
153 2515 206 2547 De
232 2516 310 2548 Vita
336 2526 394 2547 sua
419 2527 453 2558 p.
478 2513 534 2546 45.
563 2512 606 2547 A.

78 2558 124 2604 e)
155 2559 207 2592 Ita
239 2561 303 2593 sub
337 2562 462 2592 saeculi
498 2561 587 2592 ιειιίι
614 2561 717 2592 finem
743 2558 905 2594 Achillae
931 2559 1018 2592 duce
1043 2567 1112 2592 tota
1137 2559 1207 2590 fere
1236 2556 1412 2602 Aegyptus

63 2625 94 2639 .—-
121 2605 320 2645 rebellavit,
351 2606 391 2637 ab
416 2603 618 2648 Imperatore
642 2606 853 2648 Diocletiano
878 2617 914 2637 ea
939 2617 1053 2643 caussa
1076 2611 1272 2648 penvastata,
1297 2612 1336 2636 ut
1359 2612 1412 2635 te·-

123 2659 231 2683 statur
254 2651 289 2682 in
316 2648 492 2682 Chronico
517 2651 680 2683 Eusebius
703 2653 790 2683 circa
816 2651 861 2683 Λ.
887 2647 931 2682 C·
955 2650 1056 2682 2950'

78 2693 109 2735 f)
141 2695 319 2732 Videnda,
349 2707 434 2738 quae
463 2695 505 2728 de
529 2696 595 2729 hoc
619 2695 867 2739 Aegyptiorum
891 2697 1029 2739 ingenio
1056 2692 1135 2726 Jac.
1167 2689 1415 2739 Gothosredus

78 2749 239 2802 Lucina.
268 2748 352 2785 Vol.
380 2749 453 2784 IX.
1050 2737 1122 2778 ΠΗ
