1740 3095
263 162 359 207 648
631 177 701 207 DE
736 177 941 209 AETATE.
976 176 1046 207 ET
1082 176 1322 208 AUCTORE

258 294 392 335 Marco
428 298 634 345 imperante
672 297 875 346 contigisse
911 295 1024 335 modo
1063 296 1240 336 vidimus.
1296 296 1471 346 Denique
1511 305 1629 338 totum

258 363 331 402 hoc
358 372 615 414 argmnentum
644 365 721 402 tale
756 378 841 402 esse
882 365 1190 414 meminerimus,
1229 371 1272 402 ut
1312 367 1345 403 si
1383 365 1479 403 nihil
1517 368 1631 404 etiam

260 433 335 481 sit,
366 446 439 480 quo
469 433 684 469 labefactari
713 431 948 478 convellique
977 432 1119 480 possit,
1164 431 1295 480 (quod
1324 439 1448 471 tamen
1476 435 1630 471 minime

259 500 312 537 ita
341 513 381 537 se
409 499 546 536 habere
563 528 574 548 ,
605 505 686 548 est,
717 505 831 547 puto,
861 498 1072 535 luculenter
1100 512 1121 535 a
1149 499 1257 537 nobis
1278 504 1483 546 ostensum)
1507 508 1630 538 tamen

261 567 422 614 amplius
459 566 553 603 nihil
590 580 635 604 eo
677 566 885 614 efficiatur,
926 578 1038 613 quam
1074 565 1170 603 hanc
1210 566 1362 614 quidem
1402 566 1630 620 περίστασιν

258 633 355 671 nihil
382 635 553 683 obstare,
592 648 666 682 quo
705 635 827 671 minus
856 631 1048 670 Luciauus
1079 648 1148 681 pro
1174 632 1442 682 Philopatridis
1480 641 1632 673 auctore

258 699 390 739 haberi
419 708 549 750 queat,
591 703 698 748 cujus
734 702 884 749 generis
923 707 1165 750 argumenta,
1208 702 1319 749 plura
1358 703 1484 751 etiam,
1522 715 1633 740 ruere

260 769 388 806 statim
415 782 569 806 necesse
596 776 674 817 est,
715 769 748 806 si
788 768 854 806 vel
893 781 1009 804 unum
1040 768 1129 815 quid
1155 769 1316 816 proferri
1357 776 1489 817 queat,
1534 769 1634 817 quod

261 849 347 873 cum
376 836 533 885 reliquis
563 836 754 873 conciliari
783 842 821 873 et
846 836 969 883 redigi
998 837 1036 872 in
1066 836 1299 873 concordiam
1327 850 1399 873 non
1429 838 1561 884 possit.

345 901 466 942 XIV.
525 902 639 955 Quod
667 917 756 941 vero
788 902 1003 941 Gsoncms
1033 902 1207 941 Bonus
1249 910 1354 951 putat
1391 917 1464 941 non
1501 918 1634 952 parum

260 973 440 1009 momenti
466 969 625 1021 habere,
656 971 703 1008 ad
732 970 974 1008 asserendum
1002 968 1169 1007 Luciano
1200 969 1508 1020 Philopatridem,
1539 978 1634 1009 tem-

260 1052 395 1086 porum
424 1039 492 1075 sub
521 1037 651 1076 Marco
681 1037 874 1075 Antonino
903 1038 1160 1086 iniquitatem,
1201 1037 1247 1075 de
1283 1052 1327 1075 eo
1356 1039 1492 1087 etiam,
1523 1039 1636 1076 dissi-

261 1106 406 1142 mulare
434 1119 509 1143 non
538 1120 717 1154 possum,
760 1107 833 1142 alia
868 1106 990 1141 omnia
1019 1104 1113 1141 mihi
1142 1104 1275 1142 videri.
1333 1103 1442 1142 Mala
1482 1107 1634 1155 etenim,

262 1186 357 1221 qnae
387 1174 432 1210 ab
461 1172 659 1211 AURELIO
690 1174 888 1212 Vlcroni:
921 1178 1091 1208 enarrata
1126 1184 1239 1219 snpra
1278 1172 1500 1219 retulimus,
1542 1187 1635 1221 quo-

260 1254 420 1287 rumque
449 1243 675 1278 mentionem
705 1242 817 1278 etiam
846 1238 999 1277 JULIUS
1031 1237 1327 1277 CAl’lromNus
1363 1240 1451 1277 facit
1464 1242 1521 1288 a),
1560 1242 1636 1288 jam

261 1307 350 1344 inde
380 1308 425 1344 ab
454 1308 612 1355 imperio
642 1306 923 1345 Antoninorum
947 1307 1128 1354 fratrum,
1173 1313 1283 1355 atque
1323 1307 1415 1344 adeo
1457 1314 1540 1345 ante
1579 1309 1637 1346 vi-

263 1375 416 1411 ctoriam
445 1373 659 1413 Parthicam
687 1375 891 1423 accidisse,
934 1381 1085 1421 totoque
1126 1374 1206 1411 fere
1233 1374 1457 1422 perdurasse
1487 1376 1636 1423 imperii

263 1449 453 1492 tempore,
483 1443 598 1481 iidem
628 1451 797 1480 auctores
827 1449 925 1479 sunt.
985 1439 1150 1478 Tantum
1180 1448 1304 1479 autem
1332 1442 1451 1491 abest,
1480 1449 1536 1491 ut,
1565 1456 1639 1491 qua

264 1516 483 1558 tempestate
513 1513 676 1559 scriptus
716 1517 773 1548 est
802 1509 1051 1558 Philopatris,
1093 1509 1323 1547 calamitates
1359 1510 1533 1558 publicae
1576 1524 1640 1548 or-

263 1576 350 1614 bem
374 1576 585 1615 Romanum
614 1579 810 1627 insigniter
837 1578 1077 1625 vexaverint,
1120 1583 1161 1614 ut
1189 1578 1314 1625 potius
1344 1590 1428 1615 eam
1457 1578 1504 1614 ob
1533 1590 1640 1615 caus-

264 1657 346 1682 sam
387 1642 610 1682 Christianis
652 1647 783 1683 acerbe
824 1645 917 1682 adeo
968 1644 1168 1682 insultasse
1215 1651 1404 1682 auctorem
1450 1650 1640 1694 appareat,

265 1711 365 1759 quod
394 1718 602 1760 temporum
642 1714 856 1749 felicitatem
894 1712 1064 1749 infaustis
1107 1704 1443 1760 praedictionibus,
1489 1713 1642 1750 obscoe-

264 1780 396 1827 nisque
426 1781 610 1818 ominibus
642 1781 748 1828 quasi
778 1782 1082 1816 contaminarent.
1143 1779 1256 1830 Quod
1284 1786 1326 1816 ut
1354 1786 1543 1828 appareat,
1573 1793 1641 1817 au-

264 1846 409 1883 diamus
441 1845 621 1896 Critiam,
652 1849 737 1895 qui,
778 1854 817 1883 ut
847 1847 1016 1894 videtur,
1056 1847 1103 1883 ob
1132 1849 1296 1896 patriae,
1335 1861 1447 1894 quem
1486 1847 1640 1895 profite-

264 1920 354 1962 tur,
404 1928 594 1963 amorem,
632 1929 770 1951 nomen
799 1914 949 1963 dialogo
987 1914 1111 1961 dedit,
1154 1916 1333 1961 cujusque
1372 1915 1439 1952 sub
1480 1928 1641 1962 persona

266 1988 453 2018 auctorem
482 1983 601 2020 latere
630 1983 797 2019 voluisse
825 1982 1129 2019 existimaverim.
1188 1980 1262 2018 Hic
1293 1983 1407 2030 igitur
1436 1980 1572 2020 Critias
1600 1983 1640 2019 iu

267 2045 549 2097 sophistarum,
580 2056 620 2087 ut
648 2064 712 2087 eos
744 2050 929 2097 appellat,
960 2050 1157 2086 concilium
1184 2049 1445 2098 introductus,
1483 2051 1642 2087 interro-

266 2122 449 2164 gatusque
479 2130 559 2164 cap.
594 2121 661 2155 24.
694 2118 778 2162 πῶς
806 2114 857 2154 τὰ
886 2118 957 2167 τῆς
997 2112 1149 2161 πόλεως
1177 2115 1242 2153 καὶ
1273 2112 1323 2154 τὰ
1353 2117 1424 2154 τοῦ
1462 2112 1642 2167 κόσμου,-

266 2181 474 2232 λάίρονσί
498 2198 538 2234 γε
570 2179 738 2234 πάνῖες,
770 2184 914 2233 inquit,
945 2183 1010 2221 καὶ
1041 2181 1096 2222 ἔτι
1126 2197 1167 2235 γε
1188 2179 1451 2236 χαρήσονται.
1510 2182 1641 2222 Habes

266 2250 444 2298 gaudium
489 2252 706 2300 publicum,
747 2252 863 2289 habes
903 2252 1123 2289 felicitatem
1167 2258 1388 2299 temporum.
1448 2250 1553 2303 Quid
1593 2251 1642 2289 ad

267 2316 361 2354 haec
399 2317 629 2366 Sophistae?
664 2318 750 2357 Non
787 2321 911 2368 placet
962 2319 1039 2357 illis
1078 2319 1219 2356 laetitia
1258 2319 1376 2356 effusa
1417 2320 1641 2379 gentilium3

269 2385 489 2430 subjiciunt:
524 2384 707 2431 ὁύςτοκεῖ
729 2383 804 2437 γὰρ
833 2382 856 2437 ἡ
889 2382 1024 2435 πόλις,
1064 2389 1171 2434 cujus
1200 2387 1305 2424 verbi
1333 2388 1410 2424 vim
1436 2388 1488 2424 ibi
1518 2386 1641 2424 decla-

269 2452 446 2489 ravimus.
504 2452 590 2490 Non
618 2462 754 2502 negant
782 2457 922 2504 igitur,
962 2456 1036 2499 iam
1064 2454 1190 2491 felicia
1219 2467 1302 2491 esse
1341 2461 1546 2503 tempora„
1574 2453 1643 2492 sed

269 2519 369 2555 mala
393 2520 518 2557 futura
547 2521 777 2569 praedicunt.
836 2522 919 2560 Hos
938 2522 1025 2560 dein
1053 2528 1226 2570 proterve
1248 2521 1345 2560 ridet
1367 2520 1514 2570 Critias,
1545 2517 1641 2566 ὀξυ-

319 2664 351 2711 a)
378 2665 416 2708 1³!
441 2668 507 2708 vita
533 2664 662 2706 Marci
685 2679 754 2709 cap.
777 2668 812 2699 8.
