1740 3095
305 153 399 197 364
590 168 1362 204 ADNOTATIONES

303 286 594 339 παροινίαν
624 286 673 326 ἒν
688 285 772 339 έγκ
787 286 916 327 ccv-co
932 293 975 335 ς]
1008 283 1316 341 Interpretantur,
1349 290 1509 330 inducta
1530 290 1672 331 dextre

301 355 507 393 admodum
543 355 775 393 temulentia.
833 355 1081 395 Desideratur
1120 358 1239 407 alius,
1280 360 1343 407 qui
1382 360 1477 397 illud
1511 359 1671 398 inducta

300 424 577 471 interpretetur.
637 422 742 473 Quid
780 425 879 461 enim
915 424 955 461 id
994 425 1066 462 sibi
1092 426 1202 463 vult?
1249 425 1307 463 At
1334 425 1507 465 Luciam‘
1534 440 1670 476 scopus

301 498 370 537 est,
400 490 587 528 tolerante
614 489 867 528 Am‘staeneto
894 490 1099 529 admodum
1127 491 1270 530 dextre
1296 494 1570 544 temulentiam,
1597 509 1671 532 non

301 565 522 605 exasperato
556 557 602 594 ad
634 556 706 595 hoc
734 559 874 595 sachun
902 560 941 595 in
969 560 1077 607 pueri
1107 558 1171 597 sui
1192 562 1407 598 tentatione.
1466 560 1670 600 Herodia-

299 641 372 663 nus
413 624 510 662 libro
551 623 583 662 I.
627 626 768 664 Ίαῦτα
803 621 1047 678 χαριστήρια
1085 622 1241 678 ὕβρεώς
1278 642 1318 665 τε
1355 626 1421 665 καὶ
1460 628 1670 682 παροινίας

299 693 371 743 τῆς
400 692 493 741 σῆς,
530 682 580 742 ἧς
608 690 706 731 ἐτῶν
735 689 932 737 τοςούτων
960 687 1197 744 ἦνεσχόμην.
1258 693 1405 734 GnoN.

384 757 472 798 ead.
513 759 540 796 l.
586 765 649 798 16.
688 756 991 807 Ἐπεπώκει]
1032 759 1207 799 Nondum
1247 762 1412 810 biberat,
1463 769 1562 801 certe
1600 777 1669 812 po-

299 828 426 866 culum
473 841 547 864 non
594 826 845 876 exhauserat,
900 835 1026 877 utpote
1069 831 1134 877 qui
1175 844 1265 868 mox
1302 832 1565 879 propinaturus
1603 830 1668 868 de-

297 896 485 933 scribitur.
551 893 655 946 Quin
704 902 741 933 et
789 909 922 944 supra,
977 909 1056 944 cap.
1104 900 1170 937 14.
1209 899 1342 946 poculo
1382 899 1443 936 illi
1482 899 1669 937 malorum

298 964 464 1001 01nni1un
502 975 631 1000 caussa
667 963 853 1000 tribuitur.
912 962 956 1000 In
987 961 1064 1001 Ox.
1100 972 1157 1002 est
1187 961 1409 1003 ἐπεπτώκει.
1470 965 1547 1003 Sed
1574 965 1670 1002 nihil

296 1030 381 1068 hoc.
452 1029 559 1080 Quid
596 1036 778 1078 statuam,
829 1031 969 1067 nescio.
1036 1029 1197 1069 Tamdiu
1239 1034 1339 1070 enim
1377 1034 1538 1077 iacuisse
1574 1031 1670 1069 hanc

296 1098 463 1135 belluam
498 1110 590 1143 nec,
631 1097 833 1145 quidquam
869 1098 1012 1135 interea
1050 1099 1216 1148 bibisse,
1255 1101 1471 1137 verosimile
1509 1113 1584 1136 non
1612 1099 1667 1136 fit.

296 1164 461 1202 SOLAN.

383 1231 499 1279 Pccg..
534 1233 600 1269 55.
632 1230 659 1268 l.
693 1234 730 1268 2.
764 1224 1081 1281 Πρόπινω-
1110 1225 1448 1283 ςΗρακλέους]
1481 1230 1546 1270 Sic
1571 1232 1668 1280 apud

297 1297 481 1336 Philostr.
511 1312 549 1346 p.
583 1300 648 1336 54.
671 1293 785 1344 Διὸς,
816 1293 905 1349 ἔφη,
937 1298 1118 1349 σωτῆρος
1138 1294 1206 1348 ἥδε
1227 1312 1303 1336 σοι.
1340 1297 1439 1348 Legi
1467 1306 1604 1348 autem,
1635 1301 1667 1337 si

294 1381 474 1416 usquam,
511 1373 677 1404 meretur
717 1364 923 1413 scholium,
967 1366 1067 1413 quod
1108 1366 1155 1403 ad
1191 1365 1285 1403 haec
1322 1368 1434 1404 verba
1464 1366 1666 1405 monachus

294 1435 394 1472 haud
435 1434 546 1472 dubie
575 1435 727 1470 vinosus
753 1432 968 1482 adscripsit,
1008 1433 1106 1470 uude
1135 1433 1279 1481 disces,
1321 1434 1366 1470 ab
1390 1435 1437 1471 iis
1466 1437 1667 1471 sanitatem

294 1503 445 1541 Bestiae
477 1504 639 1550 vbginis
675 1511 827 1538 strenuo
857 1503 994 1549 potari
1029 1500 1192 1538 solitam.
1253 1499 1356 1552 Quid
1396 1516 1468 1538 non
1505 1503 1666 1539 ebrietas

294 1572 491 1620 designat?
522 1576 611 1617 quot
639 1568 787 1606 bibendi
816 1569 1050 1606 incitamenta
1079 1570 1327 1616 quaeruntur!
1363 1569 1464 1605 salus
1491 1582 1667 1617 praesen-

294 1641 414 1685 tium,
445 1638 653 1674 absentium
683 1637 910 1684 amicormn,
941 1637 1168 1684 amicarum,
1197 1643 1463 1684 patronorum,
1502 1642 1539 1673 et
1567 1635 1665 1684 apud

294 1720 362 1743 uos
391 1704 543 1753 Aug-los
581 1717 735 1752 regum,
776 1703 1032 1750 ecclesiaeque
1059 1705 1193 1751 ipsius.
1250 1702 1378 1740 Pudet
1405 1701 1498 1741 lzaec
1525 1717 1665 1751 oppro-

294 1773 382 1811 bria
431 1770 540 1809 nobis
588 1778 657 1807 etc.
727 1768 812 1806 Hoc
851 1768 1045 1806 Scholium
1083 1783 1167 1807 cum
1204 1770 1297 1806 olim
1338 1768 1510 1806 Praesuli
1548 1784 1664 1807 vene-

292 1840 432 1888 rando,
463 1846 500 1876 et
531 1838 738 1876 eruditione
758 1838 1001 1884 omnibusque
1025 1838 1151 1885 probis
1172 1838 1313 1874 artibus
1335 1837 1496 1885 illustri,
1525 1836 1664 1875 Loidio

293 1907 540 1956 Vigoruiensi
579 1903 765 1952 Episcopo
804 1904 1064 1953 ostenderem,
1116 1902 1197 1941 Nos
1239 1918 1352 1953 ergo,
1397 1905 1542 1952 inquit,
1590 1918 1663 1942 non

292 1975 405 2024 primi
456 1987 538 2011 eam
584 1974 765 2009 insaniam
809 1969 1038 2010 insanimus!
1104 1978 1142 2008 et
1189 1971 1442 2019 imprudentes
1490 1972 1664 2019 exempla

293 2043 483 2089 sequimur
535 2038 753 2088 homiuum,
812 2040 1102 2086 seculorumque
1151 2039 1440 2077 vilissimorum!
1498 2037 1661 2077 somn.

299 2109 433 2148 Olcar.
465 2108 511 2145 ad
540 2106 721 2144 Philostr.
748 2105 812 2154 II,
840 2111 878 2144 7.
909 2105 980 2143 ΝΟ.
1014 2110 1051 2143 1.
1083 2106 1119 2143 b.
1158 2104 1311 2143 Rm'rz.

378 2174 474 2213 ibid.
529 2169 853 2225 ιΗρακλίους
909 2170 1233 2224 ἀρχηγέτου]
1295 2164 1464 2210 subaudi
1508 2167 1662 2211 κύλικα.

297 2243 466 2281 Gnmr.
525 2240 622 2279 Cum
664 2242 810 2292 Guyeto
848 2242 936 2278 facit
966 2238 1186 2292 Seliiiferus
1224 2240 1270 2278 ad
1299 2239 1350 2277 L.
1380 2239 1476 2277 Bos.
1519 2240 1565 2277 de
1593 2239 1662 2277 El-

293 2312 401 2359 lipss.
433 2326 469 2358 p.
495 2311 605 2357 501„
637 2322 717 2345 cum
742 2307 952 2346 Scholiasta
982 2314 1124 2356 nostro,
1154 2307 1220 2345 sed
1245 2308 1344 2344 male
1371 2308 1576 2355 intellecto,
1608 2306 1659 2344 L.

294 2378 392 2416 Bos.
430 2379 546 2426 ipseu
584 2374 663 2413 Sed
693 2375 951 2424 Musgravius
990 2375 1036 2412 ad
1071 2373 1233 2413 Theocr.
1265 2373 1373 2412 Tom.
1403 2373 1455 2411 II.
1494 2389 1533 2422 p.
1563 2377 1660 2412 410.

293 2443 425 2483 Wart.
476 2443 587 2492 hujus
631 2444 782 2491 generis
832 2444 1015 2492 genitivos
1053 2443 1104 2479 ita
1147 2443 1333 2490 explicat,
1387 2447 1428 2478 ut
1465 2440 1661 2479 subaudiat

297 2509 421 2550 ἕνεκα.
482 2510 582 2559 quod
609 2511 752 2547 notavit
779 2510 878 2548 idem
905 2508 1090 2561 Schiifer.
1120 2509 1210 2546 ibid.
1238 2523 1276 2557 p.
1307 2512 1402 2546 419.
1448 2506 1601 2543 me.

377 2578 464 2617 ead.
493 2579 522 2616 l.
551 2582 592 2617 7.
612 2572 870 2628 Ἄτρεπτο
888 2580 933 2622 ς]
977 2575 1056 2616 Ms.
1088 2574 1167 2613 Ox.
1197 2577 1333 2613 rectius
1351 2602 1363 2622 ,
1398 2588 1481 2611 mea
1509 2574 1659 2622 quidem

296 2648 498 2693 sententia,
542 2640 760 2697 ἄτρεστος,
800 2641 960 2682 Luciani
995 2645 1089 2683 alibi
1123 2644 1236 2682 etiam
1273 2648 1493 2690 usurpatum
1534 2639 1655 2679 Musc.
