1758 3125
292 178 687 210 PmmPA'i-mms
736 178 1091 211 mssssn‘rATm.
1333 167 1424 209 681

55 301 135 340 sere
162 301 247 339 aliis
277 298 350 337 lnuc
378 300 579 338 advocasse
608 299 819 348 suffecerit,
859 298 1125 349 Kawowfflr,
1164 301 1237 348 ait,
1279 293 1298 337 ὁ
1326 296 1427 337 Ἰου-

53 355 188 404 λιανὸς
217 356 300 406 περὶ
333 353 403 407 τὴν
434 357 720 408 προηγορίαν,
761 355 1003 402 Γαλιλαίους
1044 353 1130 394 ἀντὶ
1167 355 1426 407 ,Χριστιανῶν

53 410 259 464 ὀνομάσας
302 428 340 452 τε
381 413 447 451 καὶ,
486 415 697 451 καλεῖσθαι
744 409 1045 462 νολιιοθετῆσας,
1099 419 1137 452 et
1174 414 1302 461 paullo
1344 422 1428 462 post

50 485 186 509 nomen
217 470 288 508 hoc
324 478 432 509 vocat
471 466 598 519 ὄνομα
630 472 709 508 τῶν
753 467 824 508 οὐκ
855 465 1074 508 εἰωθότων.
1132 469 1233 508 Hinc
1275 470 1426 508 demum

52 535 207 576 apparet
245 529 302 565 vis
341 529 553 576 argumenti
580 529 721 576 nostri,
766 528 811 564 ab
840 526 911 564 hac
955 527 1205 574 appellatione
1249 527 1425 565 desumti.

52 584 131 636 Qui
163 586 261 623 euim
291 592 440 632 auctor,
477 598 560 621 cum
589 584 785 622 manifeste
811 584 857 621 de
890 583 1116 623 Christianis
1144 585 1326 634 loquitur,
1356 583 1429 621 hoc

52 641 204 689 quidem
232 649 390 689 augusto
431 642 585 679 illorum
615 642 787 687 nomine,
830 641 928 689 quod
968 642 1142 690 ignorare
1177 655 1253 678 non
1294 642 1428 689 potuit,

52 698 234 746 abstinet,
266 701 381 736 utitur
407 706 531 735 autem
559 698 626 735 illo
658 696 942 746 Galilaeorum,
982 698 1080 746 quod
1122 712 1205 735 cum
1245 697 1310 734 diu
1341 711 1429 735 eva·

52 756 222 804 unisset,
265 769 285 792 a
323 754 477 793 Juliauo
514 762 756 803 revocatum,
803 762 887 804 post
926 768 1013 792 eum
1050 756 1189 792 iterum
1227 755 1429 802 obsolevit,

51 812 85 849 is
125 812 193 850 sub
234 810 387 850 Juliano
427 813 625 859 scripsisse
663 814 798 850 merito
840 811 1047 849 credendus
1088 819 1159 850 est.
1218 810 1345 860 Hinc,
1389 817 1430 848 ut

49 875 198 916 praeter
226 870 325 905 viam
355 871 464 917 quasi
491 867 553 905 hic
581 882 773 917 moneam,
812 875 940 916 patere
970 868 1149 916 arbitror,
1189 882 1300 916 quam
1329 875 1431 905 recte

49 926 109 963 vir
137 923 373 963 doctissimus
388 926 425 972 ³)
466 923 582 962 Am.
616 923 719 962 PAGI
758 923 1040 973 reprehenderit
1068 922 1324 972 Bfflomum,
1365 925 1430 971 qui

52 978 245 1019 canonem
272 983 437 1030 primum
467 979 623 1018 Concilii
653 979 951 1029 Apostolorum,
993 981 1027 1018 si
1051 979 1125 1017 Dis
1165 982 1315 1029 placet,
1345 979 1431 1018 An-

50 1036 227 1086 tiocheni,
259 1052 304 1076 eo
333 1039 483 1075 nomine
509 1039 714 1085 rejecerat,
763 1037 862 1086 quod
901 1051 946 1075 eo
991 1037 1235 1086 decernatur,
1271 1046 1313 1074 ut
1348 1052 1431 1075 cre-

49 1092 182 1131 dentes
217 1097 261 1133 in
291 1093 509 1141 Christum,
549 1108 642 1145 quos
682 1094 789 1132 illius
825 1096 1006 1142 temporis
1034 1092 1203 1131 homines
1242 1093 1431 1132 vocabant

55 1150 275 1200 Galilaeos,
316 1149 528 1189 Christiani
564 1160 822 1199 vocarentur-5
862 1164 948 1188 cum
977 1157 1103 1188 tamen
1140 1152 1233 1189 satis
1274 1157 1431 1198 constet,

50 1206 92 1245 id
118 1209 282 1245 nominis
321 1221 342 1246 a
377 1207 528 1246 Juliano
561 1207 713 1245 demum
749 1206 975 1245 Christianis
1012 1209 1206 1244 tributum.
1266 1207 1353 1258 Qua
1391 1209 1431 1244 in

50 1277 94 1304 re
133 1265 426 1302 consentientem
456 1265 528 1302 sibi
556 1263 668 1302 habet
697 1263 911 1302 NATALEM
943 1262 1248 1302 ALEXANDRUM
1260 1261 1312 1309 b).
1339 1263 1431 1302 BA-

50 1333 217 1359 RomuM
256 1322 370 1371 igitur
410 1322 641 1359 refutaturus
670 1319 791 1369 ΡΑΘῙ,
844 1321 891 1359 ad
919 1319 1184 1369 Philopatridis
1225 1328 1430 1370 auctorem,

50 1392 165 1426 quem
203 1377 417 1415 Lucianum
453 1385 581 1427 putat,
619 1385 817 1426 provocat,
857 1379 922 1425 qui
952 1385 1038 1416 ante
1073 1376 1217 1415 Juliaui
1262 1385 1431 1426 tempora

48 1432 226 1472 Paullum
257 1433 484 1473 Tarsensem
513 1432 728 1472 Galilaeum
767 1435 1030 1483 appellaverit.
1085 1433 1275 1472 Nimirum
1311 1435 1431 1472 salsus

49 1498 109 1529 est
136 1489 381 1541 Emonam,
419 1505 503 1528 cum
531 1492 800 1540 antiquissimis
829 1490 1024 1529 Ecclesiae
1061 1492 1293 1539 temporibus
1324 1490 1431 1529 Gali-

49 1548 220 1586 laeorum
249 1549 541 1597 appellationem
570 1549 610 1585 in
638 1562 710 1586 usu
738 1548 857 1586 fuisse
885 1549 1050 1597 negavit.
1109 1545 1188 1586 Sed
1228 1549 1432 1586 infeliciter

51 1618 162 1654 eum,
193 1618 242 1643 ex
268 1604 553 1654 Philopatride,
584 1606 617 1643 si
645 1612 746 1643 recte
776 1605 879 1643 illius
909 1619 930 1642 a
955 1618 1017 1642 me
1046 1611 1149 1642 aetas
1179 1606 1431 1654 constituitur,

51 1659 168 1700 AN‘r.
204 1660 311 1700 le
350 1663 488 1700 erroris
534 1661 743 1712 redarguit.
799 1659 846 1701 Id
889 1661 989 1711 quod
1030 1660 1091 1699 hic
1129 1663 1320 1700 monuisse
1356 1676 1432 1700 uon

49 1726 201 1767 praeter
227 1733 307 1756 rem
334 1720 459 1757 visum
487 1725 559 1757 est.

137 1773 233 1813 XL.
273 1774 383 1826 Quae
412 1775 459 1812 de
489 1773 750 1813 Galilaeorum
778 1775 1033 1823 appellatione
1063 1773 1161 1812 dicta
1190 1788 1212 1812 a
1240 1787 1302 1812 me
1331 1782 1431 1825 sunt,

52 1831 237 1870 infirmari
254 1832 352 1869 forte
381 1832 517 1880 aliquis
548 1833 740 1869 existimet
769 1845 814 1870 eo
845 1845 980 1880 posse,
1013 1831 1112 1879 quod
1138 1831 1238 1879 apud
1266 1830 1432 1870 Annu-

52 1902 148 1927 NUM
160 1892 192 1935 c)
239 1886 406 1926 Galilaei
443 1903 512 1937 pro
543 1886 770 1939 Christianis
811 1888 1008 1936 dicantur,
1052 1895 1089 1925 et
1130 1887 1354 1926 Tiberianus
1392 1890 1432 1926 in

50 1946 172 1983 literis
211 1944 259 1982 ad
296 1944 501 1993 Trajamun
529 1943 803 1993 Imperatorem
846 1945 1043 1993 fatigatum
1085 1957 1126 1981 se
1157 1943 1430 1992 Galilaeorum,

51 2001 95 2040 id
131 2007 216 2050 est,
269 1999 569 2039 Christianorum
609 2001 783 2038 caedibus
822 2001 972 2038 scribat.
1032 1998 1165 2038 Verba
1210 2003 1292 2049 ejus
1332 2002 1432 2050 apud

51 2057 286 2097 JOHANNEM
313 2056 635 2096 ANTIocuENUM
664 2055 884 2095 MALELAM
899 2053 937 2107 cl)
968 2058 1019 2094 ita
1041 2055 1200 2095 habent.
1225 2054 1431 2108 ἀπέκαμον

53 2111 353 2165 τιμωρούμενος
381 2112 447 2151 καὶ
477 2109 658 2166 ᾳοιεύωι
681 2128 776 2159 τοῖς
797 2113 1042 2159 Γαὶιὶαιοῑς
1059 2128 1154 2155 τους
1183 2115 1254 2152 τοῦ
1277 2110 1430 2165 dopna-

53 2184 124 2218 τος
153 2171 235 2210 τῶν
262 2167 483 2223 λεγομενων
511 2170 795 2223 Χοιστιαπῶν,
837 2167 941 2209 κατὰ
983 2167 1034 2210 τὰ
1072 2165 1244 2223 ὑμέτερα
1285 2170 1432 2210 θεσπί-

101 2314 144 2358 a)
171 2317 210 2349 In
235 2316 320 2349 Crit.
347 2314 594 2349 Anti-Baron.
619 2316 661 2348 ad
688 2315 733 2350 A·
759 2316 798 2350 C.
824 2317 880 2349 56.
905 2329 941 2350 n.
966 2319 1001 2350 3.

102 2360 149 2404 b)
175 2364 262 2394 Hist.
290 2364 416 2394 Eccles.
443 2374 510 2394 sec.
536 2361 564 2394 Ῑ.
590 2362 671 2394 diss.
695 2375 755 2395 xx.
776 2375 850 2406 pag.
876 2365 955 2397 212.

101 2406 144 2449 c)
171 2409 213 2440 L.
236 2407 270 2439 4.
294 2419 495 2440 sermonum
520 2408 664 2450 Epicteti
691 2421 721 2440 c.
746 2409 779 2439 7.

103 2450 150 2495 ἆ)
180 2454 218 2484 ln
251 2454 389 2484 historia
424 2454 582 2485 chronica
616 2466 648 2496 p.
675 2455 756 2486 356.
801 2454 898 2496 Quae
922 2453 965 2485 de
988 2452 1117 2494 νοθειᾳ
1141 2451 1247 2495 hujus
1274 2454 1433 2496 epistolae

146 2500 200 2530 vel
224 2507 429 2540 γνησιοτητι
461 2498 675 2541 disputantur
714 2499 804 2543 apud
839 2497 1063 2544 Basnagium
1100 2498 1228 2531 Annal.
1265 2498 1359 2530 Eccl.
1387 2499 1432 2532 A.

149 2545 225 2575 117.
260 2556 308 2577 ar.
332 2543 365 2574 4.
403 2557 438 2575 ea
472 2544 514 2575 ad
540 2552 687 2576 nostram
722 2557 796 2576 rem
821 2545 911 2577 nihil
939 2546 1080 2577 faciunt.
1126 2545 1215 2576 Mihi
1245 2552 1433 2596 suspectam

147 2591 302 2621 maxime
333 2589 447 2621 reddit
490 2591 639 2621 sormam
683 2599 772 2622 certe
805 2591 966 2633 epistolae
1003 2602 1083 2625 usus
1116 2591 1365 2633 pronominum
1401 2598 1435 2623 et

150 2635 336 2669 verborum
360 2636 549 2679 pluralium
573 2634 614 2667 de
638 2647 707 2669 uno
732 2634 893 2679 Trajauo.
