1768 3125
314 175 1174 212 1NDESYR1ADEA.
1329 163 1422 206 397

59 302 273 342 Eliacorum
328 301 476 350 primo,
532 306 571 338 et
615 298 781 338 Aeliam.
831 295 907 336 l'V.
961 295 1063 335 Hist.
1112 298 1225 335 anim.
1273 302 1342 338 31.
1387 305 1427 336 et

57 370 187 418 XIV,
219 374 257 409 5.
318 367 383 406 Sic
412 375 448 407 et
476 369 515 406 in
544 369 660 406 sacris
688 368 807 405 literis
835 365 968 415 Apoc.
997 363 1169 414 XVIII,
1213 369 1279 404 12.
1310 379 1426 404 cornu

57 439 231 476 tribuitur
259 435 463 486 elephanti,
494 443 531 474 et
558 435 766 474 Martialis
793 435 859 472 lib.
891 433 923 472 Ι.
953 432 1025 483 Ep.
1057 437 1121 472 19.
1153 433 1200 472 de
1229 432 1427 484 elephante

59 513 205 544 taurum
232 504 498 543 interficiente:

118 605 196 661 Qui
223 605 334 644 modo
360 620 431 654 per
457 614 596 654 totam,
628 605 807 656 flammis
834 603 1075 653 stimulatus,
1117 617 1276 641 arenam

199 674 419 728 Sustri-lemn
446 682 584 722 raptas
610 682 746 710 taurus
774 674 815 709 in
844 681 952 708 astra
973 671 1108 720 pilas:

122 740 310 781 Occubm't
338 739 492 779 tandem
520 754 639 779 cornu
661 741 813 788 potiore
834 740 993 788 petitus,

199 809 309 847 Dum
324 809 496 862 facilem
524 807 608 846 tolli
634 809 690 846 sic
717 805 921 857 elephanta
944 816 1073 857 putat.

63 908 128 949 Sic
165 911 267 950 istud
305 912 535 960 epigramma
571 910 785 960 legendum.
845 908 977 959 Vulgo
1016 912 1096 949 sine
1133 924 1245 949 sensu
1274 912 1430 962 legitur,

61 988 218 1016 cornuto
247 977 390 1016 ardore
411 981 570 1027 petitas.
605 977 705 1016 Mss.
736 988 893 1016 cornuto
923 978 1036 1018 dore:
1070 979 1155 1016 hinc
1175 980 1285 1018 facile
1303 980 1432 1018 videre

61 1046 152 1084 licet
180 1046 415 1085 scribendmn
442 1061 528 1085 esse
558 1061 678 1085 cornu
700 1049 874 1095 potiore,
915 1046 986 1085 hoc
1015 1054 1097 1095 est,
1138 1048 1315 1097 fortiore,
1354 1062 1434 1086 me-

63 1113 160 1152 liore
190 1127 304 1152 cornu
334 1128 386 1152 sc.
417 1113 652 1163 elephantis,
683 1129 794 1162 quam
823 1122 880 1152 est
908 1129 1021 1153 cornu
1051 1116 1172 1154 bovis.
1210 1115 1377 1155 Gninv.

149 1181 244 1220 ibid.
276 1179 482 1234 Κέραα]
514 1181 810 1230 Elephantorum
839 1183 968 1220 dentes
997 1185 1248 1230 prominentes
1280 1183 1434 1222 Graccis

64 1250 191 1289 vocari
226 1263 390 1299 cornua,
432 1249 509 1288 vid.
552 1263 612 1298 ap.
652 1248 775 1287 Diod.
807 1249 888 1288 Sic.
931 1251 1139 1298 aliquoties.
1201 1250 1249 1288 Et
1277 1250 1436 1289 Romani

67 1330 132 1355 eas
160 1317 305 1355 belluas
334 1319 495 1366 primum
523 1317 692 1355 videntes
721 1316 846 1354 Boves
874 1316 1007 1355 Lucas
1034 1331 1207 1366 vocasse,
1233 1320 1272 1355 in
1300 1320 1437 1369 vulg-ns

65 1390 207 1422 notum.
254 1383 401 1423 Rmrz.
458 1383 673 1423 Adeundus
709 1384 874 1422 Belinus
901 1384 1107 1424 Auimadv.
1142 1387 1182 1423 in
1216 1385 1439 1435 Oppianum

68 1449 117 1491 T.
147 1450 180 1490 Ι.
210 1466 247 1500 p·
279 1456 375 1491 303.
432 1451 526 1491 Bm.

151 1518 240 1558 ead.
279 1519 307 1557 ἶ.
337 1523 379 1558 7.
422 1516 653 1566 ’Ήνεικῆ
711 1518 855 1566 Recte,
907 1534 975 1568 pro
1025 1515 1183 1570 ἤνεγκε,
1235 1522 1280 1558 ab
1322 1524 1439 1571 antiq.

69 1583 210 1638 ἐνέγκω
239 1600 307 1635 pro
337 1585 460 1639 φέρω.
498 1586 563 1625 Sic
600 1583 806 1638 ἀνήνεικαν
834 1586 978 1626 Herod.
1009 1585 1083 1624 VI.
1116 1592 1210 1626 391.
1242 1588 1296 1626 Α.
1316 1587 1441 1640 Ἀπή-

69 1667 168 1701 νεικε
196 1652 272 1692 VI.
313 1658 408 1693 390.
438 1653 493 1693 A.
520 1654 614 1693 Alia
654 1655 755 1692 dabit
782 1653 907 1692 Maitt.
948 1654 993 1692 de
1022 1653 1126 1692 Dial.
1165 1670 1203 1703 p.
1239 1660 1332 1695 124.
1375 1659 1439 1694 ubi

70 1729 194 1760 tamen
222 1722 322 1759 male
352 1722 515 1772 editum,
546 1737 590 1760 ea
619 1735 703 1760 esse
732 1723 776 1760 ab
808 1719 947 1772 ἐνέχω,
975 1723 1101 1760 nescio
1130 1737 1235 1771 mea,
1277 1738 1323 1761 an
1354 1739 1442 1773 ope-

69 1803 198 1827 rarmn
235 1790 462 1838 negligentia
474 1818 489 1837 ,
533 1796 633 1827 certe
663 1787 803 1841 ἐνέγκω
832 1797 1020 1828 auctorem
1048 1790 1137 1827 dare
1163 1792 1352 1840 voluisse,
1394 1806 1443 1831 ex

70 1858 172 1895 illico
211 1856 354 1905 adjecto
397 1856 550 1895 Scholio
592 1864 716 1906 patet,
755 1857 819 1894 ubi
852 1856 1022 1896 Corinth.
1065 1859 1138 1896 ait:
1188 1860 1259 1897 τοῦ
1301 1858 1441 1911 ἐνέγκω

73 1920 301 1977 ἀφαιρεῖται
338 1921 384 1964 τὸ
422 1939 469 1977 y,
521 1924 588 1963 καὶ
632 1949 683 1955 -
734 1923 978 1963 ἐπεντίθεται
1020 1921 1065 1963 τὸ
1105 1939 1140 1972 ι,
1198 1924 1329 1964 ἐνείκω
1369 1934 1440 1966 etc.

73 1991 222 2031 Rarrz.

157 2058 254 2098 ibid.
290 2057 519 2105 Φαλλοὶ]
550 2057 688 2108 Tangit
705 2058 798 2097 haec
825 2059 938 2097 verba
967 2057 1096 2098 Schol.
1127 2059 1334 2109 Aristoplz.
1363 2062 1441 2100 vid.

73 2127 171 2166 iufra
211 2141 245 2165 c.
288 2131 356 2165 22.
423 2125 485 2165 De
526 2125 661 2165 horum
699 2128 843 2176 origine
870 2126 955 2165 vide
985 2127 1099 2165 Glem.
1129 2127 1262 2167 Alex.
1296 2133 1360 2168 15.
1390 2129 1441 2168 Β.

76 2192 227 2241 SonAN.

159 2260 246 2301 ead.
290 2261 317 2299 l.
358 2265 423 2299 10.
478 2256 721 2306 Φαλλοῦς
760 2264 857 2308 etc.]
908 2258 1114 2300 Scholiast.
1155 2260 1354 2310 Aristoph.
1395 2263 1443 2301 acl

75 2327 176 2369 Nub.
205 2343 242 2368 v.
263 2333 330 2369 71.
358 2329 422 2366 ubi
449 2327 630 2366 habemus
661 2323 774 2379 αἶγας
805 2326 847 2366 ἐκ
875 2329 947 2366 τοῦ
972 2327 1165 2378 Φελλέως,
1193 2331 1267 2367 ait:
1310 2326 1444 2377 Τόπος

77 2392 182 2435 οὕτω
221 2391 464 2446 καλούμενος
501 2394 541 2434 ἐν
579 2394 750 2447 Ἀττικῇ.
815 2392 874 2434 Οὐ
912 2392 993 2446 μὴν
1031 2392 1134 2434 ἀλλὰ
1163 2396 1228 2434 καὶ
1259 2396 1344 2449 περὶ
1373 2395 1442 2437 τὸν

76 2460 278 2503 Διόνυσόν
307 2462 391 2502 ἐστί
416 2477 476 2509 τις
505 2459 621 2517 ἑορτὴ
652 2467 735 2509 τοῖς
763 2460 994 2514 Ξ-1θιῑναιόις
1026 2462 1177 2510 Φέλλος
1201 2464 1440 2517 καλουμένη,

76 2527 164 2583 ἣτις
199 2533 279 2571 τῶν
314 2529 540 2570 Διονυσίων
583 2527 757 2583 ἄρχεται.
824 2527 1061 2577 Λουκιανὸς
1099 2529 1142 2570 δὲ
1181 2531 1221 2570 ἐν
1260 2533 1316 2586 τῷ
1356 2533 1442 2585 περὶ

77 2601 149 2651 τῆς
177 2598 325 2654 Συρίης
355 2597 482 2637 Θεοῦ·
527 2594 725 2647 Φαλλούς,
757 2612 893 2652 φησιν,
914 2594 1100 2649 ’Έλληνες
1127 2594 1315 2653 Διονύσῳ
1345 2599 1443 2653 ἐγεί-

80 2680 230 2719 ρουσιν.
290 2666 351 2707 ἐπὶ
380 2673 452 2706 etc.
482 2673 523 2705 ut
548 2665 623 2705 hic.
677 2665 780 2706 Dein
807 2680 897 2707 vero
925 2680 995 2717 pro
1023 2663 1232 2705 καλέονται
1261 2665 1305 2706 δὲ
1332 2663 1442 2719 τάδε,
