1740 3095
329 201 421 245 612
660 181 1447 251 ADNOTwaoicES

327 337 526 386 repetitum
562 350 658 374 nunc
705 337 833 385 paucis
874 337 1007 374 saltem
1048 350 1275 385 proponam:
1331 337 1483 374 uberius
1525 334 1698 375 fortassis

327 406 401 443 alio
431 412 598 452 tempore
628 418 827 452 exponam.
888 402 921 440 T
927 411 1008 440 otus
1036 405 1179 441 scilicet
1209 404 1380 452 dialogus
1409 403 1503 441 nihil
1533 411 1590 442 est
1624 405 1701 442 nisi

327 472 516 509 mediocre
545 471 742 508 mediocris
772 472 911 520 ingenii
942 472 1129 518 specimen
1157 470 1403 519 rhetoricum,
1444 473 1698 509 concinnatum

326 539 446 585 illud,
489 540 553 575 vel
583 541 707 586 potius
737 539 953 575 inconcinne
983 545 1020 575 et
1048 539 1220 586 imperite
1250 541 1542 576 consarcinatum
1572 553 1592 576 a
1626 540 1699 576 bo-

326 620 396 643 nae
426 606 574 653 quidem
604 607 799 653 lectionis,
838 606 903 643 sed
933 607 1121 642 immaturi
1152 605 1271 643 adhuc
1299 606 1426 652 judicii
1456 608 1602 654 juvene,
1633 607 1698 654 qui

325 674 439 711 flores
470 681 508 711 et
536 674 678 711 fructus
708 674 916 711 studiorum
946 687 1097 710 suorum
1127 673 1504 722 Xenophonteorum,
1534 672 1698 727 Platoni-

326 754 475 788 corum,
520 743 683 778 maxime
722 740 1025 790 Isocratem-um,
1082 741 1296 779 moderante
1333 748 1572 789 praeceptore
1611 755 1698 789 pro-

326 808 425 846 ferre
454 809 595 858 vellet,
627 810 781 846 materia
812 823 833 846 e
863 823 991 856 campo
1022 809 1254 857 amplissimo
1284 809 1474 858 desumta,
1505 822 1599 856 quae
1623 809 1699 846 lar-

326 888 413 922 gam
443 877 704 923 exemplorum
734 878 903 924 copiam,
935 883 1238 924 argumentorum
1271 891 1442 925 maguam
1472 878 1563 924 vim,
1592 876 1698 913 deni-

328 956 402 991 que
432 944 543 980 etiam
572 951 696 991 aptam
724 945 866 981 formae
902 945 1089 992 speciem,
1127 951 1207 980 tum
1249 957 1297 981 ex
1336 958 1378 982 se
1419 947 1525 993 ipsa,
1559 951 1640 981 tum
1676 957 1698 981 e

326 1022 432 1048 sacra
460 1008 640 1048 Graeciae
669 1010 848 1060 historia,
893 1018 971 1048 tum
1013 1011 1171 1058 denique
1201 1025 1221 1048 e
1251 1013 1467 1050 clarissimis
1508 1012 1699 1059 scriptori·-

327 1077 421 1125 bus,
450 1078 561 1114 facile
591 1079 826 1126 suppeditare
855 1085 996 1126 posset.
1054 1077 1132 1114 Res
1162 1080 1287 1126 itaque
1316 1093 1358 1116 ac
1386 1081 1587 1116 sententias
1614 1093 1697 1116 cum

326 1145 421 1192 ipsis
450 1145 655 1182 luminibus
697 1159 815 1192 paene
857 1146 905 1182 ad
941 1146 1052 1182 verba
1091 1144 1151 1181 hic
1188 1147 1260 1182 tiro
1300 1153 1426 1183 noster
1459 1147 1610 1193 repetiit
1648 1159 1697 1185 ex

325 1209 513 1249 Isocratis
542 1211 720 1250 Encomio
748 1212 941 1260 Helenae,
984 1212 1082 1260 quod
1121 1219 1204 1250 ante
1242 1214 1365 1250 virum
1400 1214 1509 1250 illum
1549 1213 1698 1250 doctum

325 1279 364 1316 in
402 1277 671 1326 Ephemeridd.
713 1281 856 1318 literar.
899 1279 1068 1328 Gotting.
1109 1294 1143 1317 a.
1191 1284 1311 1318 1791.
1350 1295 1388 1318 11.
1435 1285 1545 1329 193.,
1585 1294 1697 1328 quem

325 1345 596 1385 Schmiederus
623 1348 774 1396 laudat,
816 1350 891 1396 jam
926 1362 947 1384 a
981 1346 1152 1385 Gilberio
1183 1348 1355 1396 Cognato
1393 1350 1431 1386 in
1460 1347 1533 1385 Ed.
1565 1347 1696 1386 Basil.
1730 1384 1731 1387 ,

328 1418 368 1453 3.
408 1422 575 1459 notatum
613 1415 716 1465 vidi;
755 1416 868 1463 idque
908 1417 979 1453 iste
1017 1418 1068 1452 ita
1110 1417 1223 1466 fecit,
1264 1423 1305 1453 ut
1344 1430 1417 1453 non
1453 1417 1697 1466 imitatorem,

327 1482 395 1520 sed
423 1496 558 1530 purum
586 1490 717 1531 putum
757 1484 1059 1532 compilatorem,
1096 1497 1169 1520 11011
1208 1485 1331 1531 possis
1365 1497 1439 1521 non
1478 1496 1694 1532 agnoscere.

327 1547 534 1598 Compares
576 1550 688 1588 modo
726 1551 852 1588 locum
904 1551 951 1588 de
987 1551 1136 1589 Helena
1189 1553 1344 1599 ejusque
1396 1564 1509 1598 proco
1546 1549 1695 1589 Theseo

327 1629 360 1654 c.
394 1621 460 1655 16.
491 1631 548 1665 sq.
579 1632 661 1654 cum
691 1619 901 1669 integrum,
941 1625 1020 1656 tum
1061 1620 1175 1656 verba
1204 1619 1271 1655 illa
1301 1633 1381 1666 cap.
1415 1623 1481 1656 17.
1506 1615 1696 1655 Ἐπανελ-

326 1685 487 1722 θόῧσοιν
518 1682 561 1722 (5³
594 1684 649 1730 εἷς
681 1681 823 1736 Ἄργος
867 1693 934 1723 etc.
969 1700 1053 1723 cum
1091 1687 1166 1734 iis,
1222 1700 1317 1734 quae
1360 1685 1458 1733 apud
1486 1684 1697 1723 Isocratem

325 1751 503 1800 leguntur
539 1766 625 1801 pag.
659 1756 753 1791 186.
784 1765 842 1799 sq.
882 1751 954 1790 Ed.
985 1752 1184 1805 Dindorf.
1228 1750 1349 1790 Mn&
1390 1749 1466 1803 γὰρ
1506 1750 1577 1802 τὴν
1607 1750 1696 1803 Θη-

327 1816 429 1864 σέως
462 1818 516 1864 εἷς
536 1815 672 1856 ίΑιδου
704 1815 927 1867 κατάβασιν
965 1815 1266 1869 ἐπανελθούσης
1304 1816 1428 1869 αὐτῆς
1470 1818 1524 1864 εἷς
1552 1819 1696 1857 Λακε-

327 1884 501 1935 δαᾲιονα
531 1893 600 1923 etc.
631 1893 667 1923 et
696 1900 769 1923 non
800 1887 923 1922 solum
953 1887 1104 1924 easdem
1134 1888 1334 1924 sententias
1365 1887 1598 1934 eundemque
1632 1901 1696 1924 ea-

324 1966 410 1991 rum
440 1953 609 1991 ordinem
637 1961 675 1991 et
704 1967 876 2000 cursum,
919 1954 985 1991 sed
1018 1955 1238 2001 plerumque
1268 1955 1379 1991 etiam
1409 1954 1538 1991 eadem
1565 1955 1694 2004 verba,

326 2021 480 2058 eosdem
510 2034 621 2059 sonos
650 2035 692 2057 ac
720 2034 897 2058 numeros
927 2021 1084 2067 audies,
1116 2023 1222 2069 quasi
1251 2021 1295 2058 ab
1326 2019 1428 2058 Echo
1457 2023 1626 2070 jocante,
1657 2028 1696 2059 et

326 2093 449 2125 tamen
489 2103 561 2126 non
597 2090 765 2137 jocante,
812 2088 991 2126 redditos.
1049 2087 1261 2137 Fastidies,
1311 2094 1411 2125 certo
1450 2090 1549 2137 scio,
1598 2090 1696 2126 inter

326 2156 403 2193 alia
429 2158 593 2193 maxime
621 2156 739 2205 illud,
784 2155 909 2204 quod,
950 2168 1065 2203 quum
1093 2154 1285 2193 Isocrates
1323 2155 1598 2203 elegantissime
1638 2156 1695 2193 di-

326 2224 465 2261 xisset:
498 2219 607 2261 οὔπω
639 2220 682 2259 ὁέ
710 2220 937 2274 κεκριμένου
967 2223 1038 2260 τοῦ
1067 2219 1283 2271 μέλλοντος
1313 2219 1413 2273 αὐτῇ
1434 2218 1694 2272 συνοικήσειν,

326 2285 422 2327 ἀλλ’
453 2286 509 2328 ἔτι
539 2290 673 2339 κοινῆς
701 2290 772 2339 τῆς
801 2285 924 2339 τύχης
954 2285 1096 2338 οἶῖσης,
1139 2284 1243 2327 οὕτω
1280 2284 1480 2340 πρόδηλος
1507 2281 1556 2340 ἦν
1586 2285 1693 2327 ἅπα-

326 2369 390 2395 σιν
421 2353 585 2406 ἐσομένη
617 2352 909 2407 περιμάχητος,
955 2352 1050 2402 ὥςτε
1093 2351 1352 2400 συνελθόντες
1381 2354 1528 2402 πίστεις
1550 2353 1693 2394 ἔδοσαν
1722 2385 1732 2387 »

327 2419 518 2473 ἀλλήλοις
555 2414 580 2473 ἦ
616 2421 695 2473 μὴν
736 2420 981 2475 βοηθήσειν,
1012 2420 1051 2460 εἴ
1085 2437 1145 2468 τις
1184 2419 1420 2475 ἀποστεροίη
1461 2419 1530 2461 τὸν
1570 2420 1692 2468 ἀξιω-

332 2488 461 2529 θέντα
492 2491 627 2540 λαβεῖν
659 2487 807 2540 αἰῖτῂν,
838 2489 1064 2540 νομίζων
1106 2487 1335 2535 ἕκαστος
1363 2486 1422 2539 τὴ
1436 2504 1457 2526 ν
1487 2489 1693 2527 ἐπικου-

330 2557 450 2610 ρίαν
481 2553 681 2608 ταύτην
711 2552 846 2609 αὑτῷ
877 2552 1326 2609 παρασκευάζειν.
1368 2554 1569 2607 τῆςμέν
1599 2547 1690 2594 οὖν

330 2623 471 2671 ἰδίας
501 2623 716 2670 ἐλπίδος
746 2614 1028 2675 πλὴνένὸς
1057 2621 1251 2676 ἀνδρὸς
1280 2619 1504 2669 ἅπαντες
1541 2618 1691 2673 ἐψεύ-

328 2693 563 2744 σθησαν,
610 2693 703 2742 τῆς
751 2690 804 2732 δὲ
856 2692 1038 2743 κοινῆς
1077 2687 1234 2743 δόξης
1279 2682 1339 2742 ἧς
1379 2687 1532 2742 ἴσχον
1571 2688 1690 2743 περὶ

1734 2710 1740 2827 5

1731 2845 1737 2920 Ξ

1726 2923 1735 3095 1¹
