1768 3125
272 228 670 268 1‘1111.01²A·rm1>1s
711 232 1064 268 mssnnTATxo.
1306 228 1399 279 045

23 358 201 385 cmxi-ms
230 348 258 386 l.
290 363 322 386 c.
355 357 466 398 atque
494 348 557 389 Jo.
585 349 693 391 Am.
723 352 950 395 FAnmcms
964 360 997 403 ει)
1027 356 1213 398 Hadriani
1243 367 1281 400 et
1312 361 1398 401 An-

22 415 137 451 tonini
178 413 237 452 Pii
275 418 505 464 temporibus
543 420 686 458 vixisse
719 419 1010 463 Artemidorum
1050 427 1269 475 perhibent:
1316 438 1397 469 tum

21 482 116 518 illud
146 484 258 520 etiam
290 485 466 535 colliget,
497 488 562 525 vix
591 501 697 538 esse,
725 497 766 527 ut
796 504 816 528 a
845 491 1017 532 Luciano
1038 493 1292 536 Samosateusi
1313 499 1397 537 lau-

20 548 128 587 datus
155 550 445 602 Artemidorus,
485 554 653 604 adeoque
684 556 914 608 Philopatris
944 564 1104 612 scriptus
1134 579 1219 604 esse
1262 574 1398 616 potue-

18 618 92 666 rit,
122 618 168 656 de
196 634 270 667 quo
300 621 396 658 iufra
428 621 648 662 videbiums.

102 684 160 724 X.
191 686 324 736 Neque
351 703 438 726 vero
472 691 570 728 illud
598 691 670 730 hoc
708 695 746 731 in
787 695 872 734 loco
909 700 1282 747 praetermittendum
1321 710 1395 754 est,

17 764 167 791 summa
204 769 329 793 rerum
371 758 646 807 verborumque
676 775 759 799 cum
787 765 864 814 iis,
904 780 1000 815 quae
1034 766 1137 805 haud
1171 770 1284 808 dubie
1312 770 1396 809 Lu-

17 822 114 858 ciani
144 830 253 871 suut,
294 827 576 874 convenientia,
619 843 754 879 quam,
795 833 932 882 credo,
970 837 1120 884 negabit
1157 850 1290 886 nemo,
1329 841 1395 887 qui

17 892 272 928 annotationes
301 899 447 929 nostras
477 894 539 930 vel
569 898 707 934 cursim
736 900 1044 950 perlustraverit,
1084 903 1195 941 facile
1226 905 1396 953 aliquem

13 956 164 1006 induci,
193 966 235 995 ut
265 959 415 1008 credat,
447 961 510 998 vel
539 962 585 998 ab
614 964 697 1010 ipso
726 964 920 1016 Luciauo,
951 970 1011 1006 vel
1040 971 1086 1007 ab
1112 970 1286 1020 homine,
1328 975 1395 1021 qui

14 1030 102 1062 enm
128 1026 199 1062 sibi
228 1027 445 1064 imitandum
473 1033 736 1080 proposuerit,
765 1047 849 1072 esse
879 1038 1070 1085 scriptum.
1129 1038 1264 1088 Neque
1293 1043 1395 1079 enim

14 1093 135 1141 magis
163 1093 202 1130 id
229 1107 316 1131 casu
340 1095 424 1132 fieri
453 1098 623 1143 potuisse
653 1101 851 1149 existimo,
882 1117 1015 1151 quam,
1046 1111 1088 1142 ut
1115 1120 1163 1144 ex
1192 1111 1394 1147 temeraria

12 1160 259 1199 formularum
289 1162 645 1211 ty}›ographicarum
676 1171 938 1208 commissione
970 1186 1101 1211 versus
1132 1173 1291 1213 Homeri
1323 1177 1393 1214 ali-

11 1229 120 1276 quis,
165 1235 228 1265 aut
258 1227 367 1266 Ennii
402 1232 521 1277 possit
552 1233 729 1272 existere.
791 1234 869 1274 Sed
910 1239 1081 1286 pluribus
1120 1243 1160 1279 in
1198 1241 1268 1280 hac
1306 1257 1393 1281 sen-

12 1298 128 1333 tentia
159 1297 379 1334 confutanda
408 1312 476 1335 nos
506 1301 697 1339 immorari
726 1302 823 1341 nihil
852 1320 945 1354 opus
976 1321 1060 1346 esse
1090 1311 1273 1360 arbitror,
1304 1325 1392 1350 cum

11 1378 107 1412 quae
132 1367 207 1413 jam
237 1379 334 1403 nuuc
363 1366 541 1405 adversus
569 1371 728 1417 primam
768 1373 896 1422 illam,
941 1389 1035 1423 quae
1063 1376 1274 1417 Lucianum
1300 1377 1392 1417 Phi-

9 1431 207 1480 lopatridis
251 1441 439 1471 auctorem
482 1435 571 1473 facit
581 1467 592 1484 ,
643 1439 901 1490 proferemus,
953 1457 997 1481 ea
1033 1458 1207 1493 magnam
1246 1453 1390 1494 partem

8 1499 143 1537 fortius
174 1501 288 1538 etiam
319 1509 445 1539 contra
472 1501 568 1541 hanc
596 1507 797 1545 secundam
837 1511 1000 1549 valeant.
1059 1511 1191 1561 Neque
1235 1515 1391 1561 protulit

9 1567 211 1616 quidquam
253 1568 492 1608 doctissimus
522 1586 616 1619 puer
660 1578 753 1622 (quo
790 1579 941 1616 nomine
966 1578 1120 1617 honoris
1160 1595 1290 1619 caussa
1326 1581 1389 1621 hio

10 1642 95 1672 utor
124 1637 164 1672 iu
194 1636 444 1675 eruditissimo
486 1642 766 1687 quatuordecim
804 1658 986 1684 annorum
1024 1647 1205 1696 homine)
1245 1648 1389 1688 BARA-

8 1716 156 1740 ’remus
168 1700 222 1752 b),
252 1705 351 1752 quod
380 1706 570 1745 dimovere
600 1723 669 1746 nos
699 1710 744 1747 de
774 1716 958 1752 sententia
991 1715 1137 1754 debeat,
1196 1715 1388 1756 Favebam

9 1772 195 1808 aetatulae
242 1770 406 1811 hominis
457 1776 494 1812 in
541 1790 625 1814 mea
672 1780 792 1825 patria
837 1782 914 1818 nati
962 1790 999 1820 et
1048 1785 1121 1821 ista
1171 1787 1387 1835 scribentiS,

7 1840 247 1888 ignoscebam
277 1855 393 1888 puero
423 1842 676 1883 absurditatis
705 1850 912 1897 accusanti,
953 1864 1049 1897 quae
1086 1866 1208 1900 neque
1248 1868 1386 1903 cogno-

5 1908 123 1945 visset
151 1909 266 1956 satis,
307 1922 429 1957 neque
455 1912 669 1961 intelligere
699 1922 777 1950 tum
805 1923 954 1962 posset:
1002 1918 1135 1956 lubens
1173 1934 1234 1958 me
1273 1921 1386 1958 (lisci-

5 1975 138 2023 pulum
178 1976 236 2012 illi
275 1977 312 2012 in
356 1991 397 2014 re
436 1978 501 2014 tali
539 1981 810 2026 praebuissem.
872 1981 949 2020 Sed
987 1984 1084 2023 nihil
1123 1987 1242 2034 dixit,
1284 1987 1386 2036 quod

5 2055 81 2079 non
109 2042 274 2091 dictum,
317 2044 418 2091 quod
455 2060 530 2082 non
559 2048 758 2086 refutatum
803 2051 865 2087 sit.
924 2049 1098 2091 Molliter
1140 2056 1238 2092 inter
1278 2070 1385 2093 rosas.

5 2110 202 2157 violasque
232 2111 422 2158 quiescant
451 2126 536 2150 ossa
564 2113 727 2152 hominis
757 2118 1015 2169 emendaturi,
1041 2123 1075 2158 si
1102 2122 1286 2171 licuisset,
1317 2124 1385 2161 illa

7 2172 260 2228 παιδαριώδη
290 2175 543 2228 καυχήλιιατα.
603 2181 682 2220 Nos
712 2198 926 2233 pergamus.

90 2244 168 2282 XI.
200 2244 314 2297 Quod
356 2248 472 2295 igitur
511 2249 672 2287 alterum
707 2251 819 2299 liujus
863 2254 1124 2302 disputationis
1162 2262 1272 2303 caput
1309 2263 1383 2304 est,

5 2310 214 2350 Lucianine
244 2314 292 2350 sit
322 2312 577 2365 Phi!01›atris‚
622 2332 668 2355 an
708 2321 866 2366 junioris
907 2323 1089 2370 alicujus,
1130 2336 1224 2372 age,
1264 2323 1382 2371 dispi-

7 2381 160 2419 ciamus.
220 2380 307 2431 Qua
333 2383 371 2418 iu
400 2397 441 2420 re
470 2385 522 2420 ita
551 2388 806 2435 versabimur,
849 2395 890 2425 ut
928 2391 1048 2437 primo
1078 2397 1203 2427 contra
1234 2406 1380 2440 eorum,

7 2450 72 2497 qui
100 2449 140 2486 id
168 2449 376 2500 affirmant,
417 2454 580 2491 rationes
619 2454 803 2502 quaedam
843 2457 882 2493 in
919 2458 1085 2495 medium
1121 2459 1379 2508 proferamus,

53 2607 86 2646 a)
110 2608 202 2639 Bibl.
228 2606 292 2640 Gr.
316 2606 349 2642 4.
379 2609 430 2639 13.
458 2622 488 2652 p.
513 2608 590 2641 402.

51 2659 90 2703 b)
115 2665 155 2695 ln
179 2663 535 2705 Anti-Artemonio,
571 2667 780 2711 Noribcrgae
805 2670 902 2702 1735.
928 2671 962 2703 8.
986 2669 1088 2711 edito,
1115 2684 1183 2715 cap·
1211 2672 1263 2704 14.
1290 2672 1316 2713 ξ
1342 2675 1376 2704 2.

97 2728 130 2754 et
150 2723 183 2753 3.
208 2721 323 2765 1³:84.
349 2733 442 2764 scqq.
