1768 3125
264 176 1125 211 1NeHAn1DEMUM0·
1325 163 1420 205 619

38 299 124 341 Hoc
153 301 331 350 probem,
373 307 411 339 et
438 314 571 349 parum
600 300 733 347 abest,
774 300 864 348 quin
903 299 1030 336 invitis
1058 297 1167 335 libris
1206 297 1257 334 ita
1297 296 1420 334 edam.

39 368 185 408 Rm‘rZ.
243 367 371 407 Edidit
412 371 462 407 ita
500 366 796 416 Schtm’ederus5
840 381 973 405 verum
1014 367 1105 403 citra
1143 366 1421 413 necessitatem,

39 445 78 476 et
115 451 204 476 vero
244 439 557 485 probabilitatem.
620 435 715 474 Sunt
757 438 857 474 enim
897 436 1024 473 ταῦτα
1067 440 1285 483 argumenta
1314 431 1421 479 haec,

37 519 59 543 a
88 506 226 554 judicio
257 506 411 544 deorum
444 507 620 555 repetita:
655 501 781 543 ταύτὰ
812 505 1017 551 cogitarem
1039 504 1247 549 materiam,
1279 501 1326 539 de
1349 514 1423 549 qua

39 575 189 611 omnino
219 576 364 623 agitur,
393 577 536 623 ipsam,
567 574 693 611 locum
723 573 769 609 de
799 571 1090 620 pulchritudine.
1150 570 1293 607 LEHM.

123 640 212 679 ead.
264 643 291 680 I.
337 647 400 680 11.
448 635 861 690 Ἱπποδάμειαν]
917 637 1013 677 Vid.
1066 637 1254 677 Philostr.
1300 636 1422 686 Imag.

35 723 74 758 p.
106 714 203 748 788.
244 708 397 747 SoLAN.
774 755 775 759 Ἰ

122 777 210 816 ead.
251 778 279 815 I.
315 780 378 816 15.
421 775 898 828 ΙΙαρενεγκοῦσαν]
939 774 973 813 I.
1005 789 1039 813 e.
1068 766 1422 825 ὖπερενέγκοῖῗσαν.

35 843 213 883 Aristid.
244 844 448 883 Panathen.
494 840 514 882 ὃ
554 842 597 882 δὲ
640 839 793 889 πάντας
821 840 1017 891 βασιλέας
1047 838 1296 892 παρενεγκών
1334 844 1424 886 ταῖς

37 909 240 958 ἐπινοίαις.
272 912 435 952 (ὶυῐετ.
482 911 627 949 Eadem
671 912 743 949 sibi
774 911 1024 958 adscripserat
1053 909 1210 959 Menag.
1272 908 1422 946 RmTz.

121 979 224 1028 Pag.
272 985 368 1019 268.
423 980 452 1018 l.
494 985 533 1018 2.
592 975 693 1016 Τὸν
739 973 1055 1029 γεγενηκόθ’
1105 972 1420 1028 ὑπηγάγετο

35 1044 175 1099 παρὰ
215 1043 404 1098 φύσιν]
448 1046 734 1086 Emendandum
763 1042 1041 1097 7'675112'22263'.
1102 1044 1238 1083 Sermo
1280 1051 1338 1082 est
1377 1043 1426 1082 de

34 1112 337 1163 Hippodameia,
368 1118 476 1162 cujus
507 1123 607 1152 tanta
636 1121 812 1152 venustas
841 1115 969 1160 fuerit,
1000 1121 1041 1151 ut
1070 1121 1107 1151 et
1137 1115 1262 1162 ipsum
1279 1120 1427 1161 patrem.

35 1190 184 1230 praeter
215 1191 385 1220 naturam
416 1185 455 1220 in
483 1197 650 1220 amorem
680 1184 740 1220 sui
770 1183 986 1230 pellexerit.
1043 1181 1162 1220 JENS.

122 1249 211 1288 ead.
243 1251 271 1288 l.
299 1255 339 1288 ’7.
361 1242 448 1287 ἾΙν
479 1249 580 1296 εἷς]
622 1247 679 1288 Τὸ
707 1242 756 1301 ἦν
785 1249 1012 1297 ejiciendum
1044 1249 1208 1287 videtur.
1256 1246 1427 1287 GUYET.

36 1317 187 1356 Putavit
226 1318 352 1356 libelli
387 1317 501 1365 hujus
539 1325 689 1367 auctor,
739 1320 827 1367 quia
869 1320 908 1355 in
956 1319 1163 1366 proborum
1203 1319 1428 1365 scriptorum

36 1386 130 1424 locis
160 1387 372 1434 nonnullis,
415 1394 455 1424 ut
498 1388 537 1424 in
566 1384 746 1435 Xenoph.
780 1384 926 1437 Cyrop.
955 1385 1011 1436 V,
1046 1391 1085 1434 4,
1118 1391 1157 1425 3.
1203 1379 1259 1431 ὦς
1299 1384 1428 1422 &vva-

36 1450 106 1492 τὸν
148 1445 221 1504 ἦν,
267 1450 463 1504 τάχιστα,
504 1455 661 1492 verbum
702 1453 987 1492 Substantivum
1023 1455 1200 1504 gratioris
1243 1454 1325 1490 soni
1362 1452 1427 1490 vel

37 1523 184 1560 numeri
214 1536 345 1559 caussa
375 1522 541 1560 additum
572 1524 801 1571 invenisset,
839 1530 876 1560 et
906 1524 979 1560 sibi
1009 1524 1124 1576 licere
1154 1522 1257 1560 idem
1285 1522 1427 1570 facere,

38 1591 208 1638 quamvis
238 1604 368 1628 caussa
398 1590 598 1629 deficiente
627 1591 773 1639 eadem,
805 1592 919 1627 etiam
949 1592 1013 1627 ubi
1044 1591 1140 1627 illud
1170 1592 1428 1638 importunum

38 1660 87 1696 sit
117 1672 158 1696 ac
183 1659 401 1696 molestum.
461 1658 702 1709 Quapropter
729 1673 814 1696 cum
844 1659 978 1696 multis
1008 1659 1114 1707 aliis,
1147 1673 1244 1707 quae
1274 1659 1429 1696 sinistra

39 1734 127 1765 sunt
155 1740 224 1774 per
251 1726 352 1764 hunc
380 1727 578 1775 libellum,
621 1729 733 1765 etiam
777 1726 848 1764 hoc
889 1728 1030 1764 rectius
1071 1728 1318 1765 tolerabimus
1358 1740 1428 1765 nos

39 1794 225 1843 editores
258 1809 369 1843 quam
399 1797 642 1845 corrigemus.
701 1793 844 1832 Lama.

121 1862 210 1901 ead.
240 1863 268 1900 l.
302 1868 366 1901 10.
387 1862 575 1901 :437021
604 1863 696 1913 τῆς
727 1861 879 1912 νίκης
910 1857 1315 1913 παρεῖθόντας]
1348 1862 1428 1901 La-

38 1931 146 1969 borat
186 1932 291 1969 locus
332 1933 593 1980 intemperanti
622 1932 837 1968 verborum
891 1931 1199 1977 transpositione.
1260 1929 1427 1981 Παοελ-

39 1994 194 2044 &Anac
222 1999 384 2036 refertur
413 1999 459 2036 ad
487 1998 721 2048 μνηστῆρας
751 2004 788 2035 et
821 1992 1029 2047 ἧμιλλᾶτο.
1092 1996 1160 2034 Sic
1189 1997 1324 2035 deinde
1353 1992 1427 2048 ἥτ,

39 2064 259 2117 τὴθέντας,
305 2066 351 2103 ad
381 2066 481 2115 quod
506 2065 796 2115 intelligendum
825 2072 863 2102 et
892 2065 1147 2103 revocandum
1185 2072 1244 2103 est
1285 2079 1427 2118 προτι-

41 2133 141 2180 aaz.
203 2133 332 2172 GESN.

127 2201 224 2240 ibid.
267 2196 687 2251 ΙΙαρελθόντας]
729 2200 1020 2251 Παρελθοῧσιν
1062 2202 1205 2238 forsan.
1260 2199 1426 2240 Gom-r.

43 2270 93 2308 Et
122 2285 192 2320 ego
219 2272 273 2308 sic
301 2271 468 2307 mallem.
528 2268 677 2308 Verum
706 2271 793 2318 quia
823 2271 951 2307 statim
982 2271 1093 2307 etiam
1123 2270 1324 2315 subjicitur
1353 2263 1427 2319 ’ἦτ-

43 2337 267 2390 τηθέντας,
311 2340 428 2386 (licet
462 2338 531 2376 hoc
558 2339 602 2376 ab
633 2338 737 2376 infin.
770 2334 983 2388 στέρεσθαι
1010 2336 1191 2385 pendeat)
1227 2336 1321 2373 nihil
1360 2351 1427 2385 po-

44 2409 120 2445 tius
150 2407 366 2454 mutassim,
408 2407 475 2444 sed
510 2401 789 2456 παρὲλθόντας
818 2413 903 2443 ante
935 2397 1066 2443 ἆθλον
1106 2405 1327 2442 collocando
1368 2407 1426 2442 in-

44 2477 196 2513 tricatae
226 2471 434 2512 structurae
464 2475 649 2512 mederer.
709 2466 820 2511 Licet
849 2481 887 2511 et
915 2475 970 2511 sic
1009 2488 1076 2521 pro
1109 2475 1320 2511 accusativo
1362 2474 1428 2510 ab-

44 2543 167 2582 soluto
199 2545 317 2590 possit
347 2543 499 2590 baberi,
542 2545 567 2580 i.
613 2557 647 2581 e.
678 2545 713 2580 εἰ.
736 2544 1044 2590 praeverterint,
1090 2540 1136 2578 de
1178 2555 1250 2588 quo
1281 2542 1428 2589 egimus

44 2612 158 2663 ¹alibi,
201 2619 239 2648 et
273 2610 440 2649 ls'essel.
482 2611 529 2648 ad
556 2609 678 2648 Diod.
710 2610 791 2648 Sic.
823 2609 895 2657 III,
930 2615 996 2647 10.
1023 2608 1092 2647 ΝΟ.
1125 2611 1193 2645 64.
1236 2622 1351 2656 quem-
1390 2615 1429 2645 et

45 2679 122 2717 vid.
151 2679 198 2717 ad
225 2678 303 2718 XI.
345 2693 382 2717 c.
425 2684 466 2719 8.
506 2678 556 2717 Et
591 2676 814 2717 Hemsterh.
858 2677 908 2716 ad
949 2675 999 2715 Τ.
1029 2675 1063 2714 Ι.
1104 2674 1276 2714 Luciau.
1311 2673 1426 2713 Halc-
