1768 3125
328 185 718 218 vintomems
754 183 1112 217 nissum-ane.
1349 168 1450 216 655

73 307 248 347 collocari
277 306 455 357 credunt3
486 307 636 357 quidam
665 307 778 345 etiam
808 308 848 345 in
876 307 1026 344 tertium
1055 319 1097 345 se
1126 304 1273 344 caelum
1299 312 1443 356 raptos,

72 389 206 423 resque
237 377 401 414 omnium
430 375 699 424 pulcherrimas
728 375 780 412 ibi
809 375 962 412 edoctos
981 374 1208 423 praedicant,
1238 377 1444 414 orationem

71 442 257 491 quandam
299 457 320 480 a
362 450 465 491 patre
505 445 769 492 incipientem,
812 445 1017 491 multisque
1046 444 1256 481 nominibus
1286 444 1446 483 refertos

71 509 234 559 hymnos
262 513 419 549 recitant
447 518 517 549 etc.
575 510 682 549 Haec
711 513 743 549 si
771 513 856 560 quis
885 525 969 548 cum
998 512 1061 559 iis,
1100 524 1198 558 quae
1227 525 1276 548 ex
1306 510 1444 550 Proteo

69 575 229 616 Luciani
266 579 411 627 prolata
452 585 561 628 sunt,
612 580 799 626 conserat,
847 580 1034 627 simulque
1078 578 1176 615 illud
1219 579 1445 627 consideret,

70 646 193 683 verbis
223 648 388 694 propriis
418 654 456 684 et
484 661 533 684 ex
564 644 862 685 Christianorum
885 647 1096 696 disciplina,
1127 647 1216 694 quin
1240 647 1321 694 ipsa
1342 645 1447 685 Scri-

69 719 179 760 ptura
208 711 251 751 S.
282 715 431 763 pctitis,
460 716 515 752 uti
545 713 824 763 Philopatridos
853 721 1067 763 auctorem3
1096 715 1208 751 illum
1237 728 1326 753 vero
1355 729 1448 765 gen-

69 781 130 818 tili
168 795 294 830 more,
333 795 400 819 nec
428 783 483 819 uti
513 782 635 820 solent
673 784 791 819 nostri
829 781 1028 831 homines,
1065 782 1196 829 loqui:
1245 790 1447 831 cognoscet

70 848 253 898 profecto,
282 847 493 886 Luciamun
523 856 564 887 ut
594 850 640 887 de
668 863 710 887 re
752 863 884 897 parum
924 851 996 887 sibi
1038 851 1210 898 cognita,
1255 857 1293 888 et
1334 865 1447 899 quam

69 927 143 952 non
171 917 247 953 nisi
276 916 360 953 aliis
391 922 531 953 temere
560 918 793 955 narrantibus
823 916 1016 966 audisset3
1052 916 1151 954 hunc
1180 930 1283 967 vero,
1313 926 1355 955 ut
1381 921 1446 967 qui

68 989 133 1019 aut
158 983 240 1031 ipse
278 983 443 1020 coetibus
473 982 771 1022 Christianorum
809 984 1064 1033 interfuisset,
1104 991 1168 1021 aut
1207 986 1298 1023 satis
1338 1000 1447 1024 accu-

67 1055 147 1087 rate
175 1050 299 1087 omnia
327 1051 643 1100 pervestigasset‚
671 1051 718 1089 de
746 1051 816 1089 hac
842 1058 944 1090 secta
973 1053 1210 1100 exposuisse.

150 1116 274 1156 XXI.
305 1116 469 1156 Pzrruus
497 1118 662 1156 Diuum„
689 1118 912 1166 Huffrms,
951 1118 1175 1157 Demonstr.
1215 1118 1371 1169 Emmg.
1403 1125 1445 1169 3,

69 1188 138 1224 20.
168 1191 369 1233 postquam
406 1185 580 1235 dixerat,
618 1188 656 1223 iu
696 1187 827 1225 libello
868 1187 915 1224 de
943 1194 1064 1224 morte
1094 1186 1311 1237 Peregrini,
1348 1202 1446 1237 quae

67 1252 106 1288 in
135 1253 400 1290 contumeliam
431 1251 732 1292 Christianorum
770 1261 896 1293 essent
934 1254 1054 1304 dicta,
1094 1256 1198 1292 laudi
1236 1257 1329 1303 ipsis
1359 1270 1446 1295 esse

68 1320 215 1369 potius,
246 1334 357 1368 quam
386 1319 584 1370 dedecori,
620 1320 712 1360 haec
742 1322 865 1359 addit:
907 1321 1090 1360 Glariora
1129 1325 1243 1360 etiam
1268 1327 1446 1373 reperias

67 1388 109 1424 in
137 1385 316 1436 dialogo,
355 1389 423 1439 qui
462 1388 691 1426 inscribam«
721 1388 989 1438 Philopan·1's‚
1032 1399 1067 1427 et
1097 1388 1271 1429 Luciani
1307 1406 1445 1430 nomem

61 1469 166 1504 prae
202 1470 243 1493 sc
273 1456 395 1509 fert:
437 1453 579 1493 Christi,
617 1460 760 1508 quippe
798 1467 833 1495 et
875 1455 1180 1495 Christianorum
1217 1462 1445 1497 nominatim

66 1524 234 1559 meminit
244 1551 255 1571 ‚
287 1522 465 1570 plurima
493 1524 658 1576 profert
698 1540 754 1562 ια·
782 1524 999 1574 Evangelio
1029 1535 1064 1563 ct
1094 1526 1346 1576 Apocalypsi
1371 1526 1444 1565 Jo-

65 1587 227 1639 hamds,
258 1604 313 1626 ex·
339 1592 437 1628 actis
463 1590 766 1642 Apostolorum,
796 1603 831 1630 et
860 1608 916 1630 ex
945 1593 1114 1642 epistolis
1145 1593 1299 1641 Paulli,
1331 1596 1443 1647 cujus

65 1671 108 1696 os
144 1666 181 1695 et
217 1655 387 1695 habitum
425 1657 624 1708 dqu'ngz't,
680 1669 715 1697 et
753 1663 976 1698 evectionem
1011 1663 1053 1698 in
1102 1661 1250 1699 caelum
1297 1663 1442 1715 refert.

67 1723 261 1763 Christum
300 1726 475 1774 appellat
507 1725 725 1775 Chrestmn,
757 1742 836 1776 pro
875 1737 1085 1777 temporum
1129 1729 1284 1766 illorum
1321 1744 1442 1782 more,

66 1806 139 1844 quo
167 1807 302 1830 nomen
331 1792 375 1830 id
402 1808 428 1831 a
455 1793 639 1842 bonitate,
679 1809 757 1833 uon
791 1794 840 1833 (ιῖ)
869 1799 1046 1834 unctione
1074 1795 1229 1834 ductum
1259 1797 1443 1836 credeba-

64 1870 130 1898 tm·
167 1859 216 1898 ab
246 1858 437 1899 Ethm'cz's.
497 1861 584 1913 Quo
628 1862 674 1900 de
703 1877 807 1900 more
852 1877 936 1901 cum
972 1864 1155 1911 quaedam
1196 1864 1440 1913 disputasset,

65 1928 275 1968 concludit:
313 1928 389 1967 Ex
435 1927 747 1966 Christianarum
793 1939 919 1967 autem
956 1944 1086 1967 reram
1121 1933 1293 1980 peritia,
1342 1947 1443 1983 quae

64 1997 191 2048 'major
227 1998 269 2033 in
307 1994 377 2033 Ῐιοσ
422 1995 602 2045 dialogo,
645 2010 760 2047 quam
797 1999 840 2033 in
876 1997 1035 2048 reliquis
1074 1995 1249 2036 Lucicmi
1284 2002 1444 2048 scriptis

65 2064 210 2111 elucet,
241 2063 373 2111 colligi
397 2072 550 2112 potest,
591 2077 676 2100 eum
703 2063 864 2102 alterius
887 2079 967 2102 esse
1004 2067 1187 2103 auctoris.
1245 2065 1441 2104 Hactenus

65 2131 148 2168 ille.
208 2128 318 2181 Quae
346 2129 433 2168 ideo
462 2130 706 2168 adscribenda
734 2132 887 2180 putavi,
926 2132 1026 2180 quod
1060 2134 1194 2180 partim
1229 2133 1300 2171 hoc
1328 2149 1442 2184 argu-

65 2204 232 2235 mentum
259 2197 417 2235 mirifice
447 2198 692 2246 confirmant,
728 2200 866 2246 partim
905 2213 994 2237 vero
1038 2199 1143 2236 dubii
1177 2200 1347 2238 nonnihil
1375 2201 1442 2240 ha-

67 2266 156 2304 bere
181 2264 365 2303 videntur.
425 2263 567 2302 Christi
596 2265 785 2314 siquidem
812 2272 849 2303 et
879 2264 1176 2305 Christianorum
1216 2270 1441 2306 nominatim

66 2334 282 2371 meminisse
308 2332 398 2369 dicit
439 2339 627 2370 auctorem
655 2331 947 2383 Philopatridis,
981 2336 1033 2372 ita
1062 2342 1206 2379 tamen,
1249 2341 1292 2372 ut
1323 2334 1441 2374 Chre·

65 2409 164 2439 stum
191 2414 260 2448 pro
292 2397 441 2437 Christo
470 2399 622 2438 dixerit.
680 2398 763 2449 Ego
792 2415 882 2439 vero
911 2402 1055 2450 fateor,
1087 2402 1184 2439 illud
1212 2416 1273 2440 me
1301 2404 1341 2440 in
1366 2402 1440 2442 hoc

66 2467 217 2517 dialogo
246 2481 320 2504 nou
344 2469 526 2515 reperire.
584 2466 720 2505 Procul
748 2475 873 2506 tamen
901 2468 1014 2507 dubio
1050 2471 1204 2517 respicit
1241 2471 1300 2507 vir
1336 2483 1439 2508 sum-

66 2548 150 2572 mus
178 2534 226 2572 ad
253 2535 319 2572 illa
347 2548 381 2573 c.
413 2538 482 2573 17.
514 2529 617 2571 ἀλλά
645 2548 715 2584 μοι
743 2530 833 2573 τόδε
865 2534 967 2573 ein&
1000 2535 1033 2574 εἷ
1061 2536 1126 2573 καὶ
1152 2532 1202 2573 τὰ
1224 2537 1305 2574 τῶν
1327 2536 1438 2575 Σκυ-

66 2603 156 2641 θῶν
187 2600 227 2640 ἐν
266 2598 424 2654 οὐρανῷ
465 2597 774 2653 ἒγχαράττουσι;
813 2601 1031 2652 Respondet
1057 2602 1246 2651 Triepho:
1287 2599 1435 2656 πάντα,

68 2669 101 2710 εἰ
125 2664 237 2722 τύχοι
254 2681 306 2728 ye
333 2667 615 2713 XPHETOE
638 2665 694 2711 ὢν
721 2668 787 2710 καὶ
814 2667 855 2711 ἐν
882 2667 1032 2712 ἔθνεσι.
1090 2670 1293 2723 Interpres,
1321 2685 1434 2722 quem
