<?xml version="1.0" encoding="UTF-8"?>
<!DOCTYPE html PUBLIC "-//W3C//DTD XHTML 1.0 Transitional//EN"
    "http://www.w3.org/TR/xhtml1/DTD/xhtml1-transitional.dtd">
<html xmlns="http://www.w3.org/1999/xhtml" xml:lang="en" lang="en">
 <head>
  <title>
</title>
<meta http-equiv="Content-Type" content="text/html;charset=utf-8" />
  <meta name='ocr-system' content='tesseract 3.04.00' />
  <meta name='ocr-capabilities' content='ocr_page ocr_carea ocr_par ocr_line ocrx_word'/>
</head>
<body>
  <div class='ocr_page' id='page_1' title='image "./operagraecaetlat09luciuoft_0363.png"; bbox 0 0 1768 3125; ppageno 0'>
   <div class='ocr_carea' id='block_1_1' title="bbox 224 177 1424 223">
    <p class='ocr_par' dir='ltr' id='par_1_1' title="bbox 224 177 1424 223">
     <span class='ocr_line' id='line_1_1' title="bbox 224 177 1424 223; baseline 0.002 -5"><span class='ocrx_word' id='word_1_1' title='bbox 224 188 290 218; x_wconf 74' lang='lat' dir='ltr'><strong>IN</strong></span> <span class='ocrx_word' id='word_1_2' title='bbox 328 187 711 223; x_wconf 48' lang='lat' dir='ltr'><strong>convivunt«</strong></span> <span class='ocrx_word' id='word_1_3' title='bbox 747 187 860 220; x_wconf 66' lang='lat' dir='ltr'><strong>sau</strong></span> <span class='ocrx_word' id='word_1_4' title='bbox 897 187 1247 219; x_wconf 77' lang='lat' dir='ltr'><strong>LAPITHAS.</strong></span> <span class='ocrx_word' id='word_1_5' title='bbox 1329 177 1424 220; x_wconf 81' lang='lat'><strong>355</strong></span> 
     </span>
    </p>
   </div>
   <div class='ocr_carea' id='block_1_2' title="bbox 52 306 1429 1437">
    <p class='ocr_par' dir='ltr' id='par_1_2' title="bbox 53 306 1423 424">
     <span class='ocr_line' id='line_1_2' title="bbox 54 306 1423 360; baseline 0.001 -14"><span class='ocrx_word' id='word_1_6' title='bbox 54 306 246 347; x_wconf 68' lang='lat' dir='ltr'><strong>Fritzsch.</strong></span> <span class='ocrx_word' id='word_1_7' title='bbox 304 307 464 360; x_wconf 78' lang='lat' dir='ltr'><strong>Quaest.</strong></span> <span class='ocrx_word' id='word_1_8' title='bbox 503 321 542 356; x_wconf 88' lang='lat' dir='ltr'><strong>p.</strong></span> <span class='ocrx_word' id='word_1_9' title='bbox 572 310 667 355; x_wconf 63' lang='lat'><strong>71„</strong></span> <span class='ocrx_word' id='word_1_10' title='bbox 706 307 806 356; x_wconf 83' lang='lat' dir='ltr'><strong>quod</strong></span> <span class='ocrx_word' id='word_1_11' title='bbox 843 307 944 346; x_wconf 87' lang='lat' dir='ltr'><strong>idem</strong></span> <span class='ocrx_word' id='word_1_12' title='bbox 971 309 1048 356; x_wconf 83' lang='lat' dir='ltr'><strong>jam</strong></span> <span class='ocrx_word' id='word_1_13' title='bbox 1074 314 1265 347; x_wconf 82' lang='lat' dir='ltr'><strong>notaverat</strong></span> <span class='ocrx_word' id='word_1_14' title='bbox 1289 306 1423 347; x_wconf 81' lang='lat' dir='ltr'><strong><em>Belin.</em></strong></span> 
     </span>
     <span class='ocr_line' id='line_1_3' title="bbox 53 373 809 424; baseline -0.001 -10"><span class='ocrx_word' id='word_1_15' title='bbox 53 377 100 414; x_wconf 88' lang='lat' dir='ltr'><strong>ad</strong></span> <span class='ocrx_word' id='word_1_16' title='bbox 131 390 229 415; x_wconf 88' lang='lat' dir='ltr'><strong>vers.</strong></span> <span class='ocrx_word' id='word_1_17' title='bbox 260 374 371 413; x_wconf 88' lang='lat' dir='ltr'><strong>Tom.</strong></span> <span class='ocrx_word' id='word_1_18' title='bbox 400 373 455 413; x_wconf 92' lang='lat' dir='ltr'><strong>V.</strong></span> <span class='ocrx_word' id='word_1_19' title='bbox 484 389 522 424; x_wconf 88' lang='lat' dir='ltr'><strong>p.</strong></span> <span class='ocrx_word' id='word_1_20' title='bbox 555 379 623 414; x_wconf 79' lang='lat'><strong>97.</strong></span> <span class='ocrx_word' id='word_1_21' title='bbox 666 373 809 413; x_wconf 74' lang='lat' dir='ltr'><strong>LEuM.</strong></span> 
     </span>
    </p>

    <p class='ocr_par' dir='ltr' id='par_1_3' title="bbox 52 439 1429 1031">
     <span class='ocr_line' id='line_1_4' title="bbox 138 439 1426 493; baseline 0.002 -13"><span class='ocrx_word' id='word_1_22' title='bbox 138 443 242 491; x_wconf 83' lang='lat' dir='ltr'><strong>Pag.</strong></span> <span class='ocrx_word' id='word_1_23' title='bbox 273 446 341 482; x_wconf 80' lang='lat'><strong>46.</strong></span> <span class='ocrx_word' id='word_1_24' title='bbox 384 443 412 480; x_wconf 85' lang='lat' dir='ltr'><strong>l.</strong></span> <span class='ocrx_word' id='word_1_25' title='bbox 449 447 486 482; x_wconf 86' lang='lat'><strong>5.</strong></span> <span class='ocrx_word' id='word_1_26' title='bbox 519 439 714 488; x_wconf 74' lang='grc' dir='ltr'><strong><em>Ἓξεις]</em></strong></span> <span class='ocrx_word' id='word_1_27' title='bbox 759 441 845 491; x_wconf 86' lang='lat' dir='ltr'><strong>Sic,</strong></span> <span class='ocrx_word' id='word_1_28' title='bbox 884 448 926 479; x_wconf 86' lang='lat' dir='ltr'><strong>ut</strong></span> <span class='ocrx_word' id='word_1_29' title='bbox 963 443 1217 493; x_wconf 84' lang='lat' dir='ltr'><strong>conjeceram,</strong></span> <span class='ocrx_word' id='word_1_30' title='bbox 1254 442 1322 482; x_wconf 78' lang='grc' dir='ltr'><strong>ΡΙ.</strong></span> <span class='ocrx_word' id='word_1_31' title='bbox 1379 442 1426 482; x_wconf 86' lang='lat' dir='ltr'><strong>In</strong></span> 
     </span>
     <span class='ocr_line' id='line_1_5' title="bbox 54 505 1427 563; baseline 0.001 -15"><span class='ocrx_word' id='word_1_32' title='bbox 54 512 212 559; x_wconf 87' lang='lat' dir='ltr'><strong>reliquis</strong></span> <span class='ocrx_word' id='word_1_33' title='bbox 243 517 300 549; x_wconf 85' lang='lat' dir='ltr'><strong>est</strong></span> <span class='ocrx_word' id='word_1_34' title='bbox 329 505 458 560; x_wconf 66' lang='grc' dir='ltr'><em>ἥξεις,</em></span> <span class='ocrx_word' id='word_1_35' title='bbox 489 518 526 547; x_wconf 86' lang='lat' dir='ltr'><strong>ct</strong></span> <span class='ocrx_word' id='word_1_36' title='bbox 555 512 593 547; x_wconf 91' lang='lat' dir='ltr'><strong>in</strong></span> <span class='ocrx_word' id='word_1_37' title='bbox 618 509 669 547; x_wconf 91' lang='grc' dir='ltr'><strong>Ο.</strong></span> <span class='ocrx_word' id='word_1_38' title='bbox 696 507 775 547; x_wconf 85' lang='lat' dir='ltr'><strong>Ms.</strong></span> <span class='ocrx_word' id='word_1_39' title='bbox 807 507 958 547; x_wconf 80' lang='lat' dir='ltr'><strong>SOLAN.</strong></span> <span class='ocrx_word' id='word_1_40' title='bbox 1019 510 1123 563; x_wconf 82' lang='lat' dir='ltr'><strong>Quid</strong></span> <span class='ocrx_word' id='word_1_41' title='bbox 1151 518 1208 550; x_wconf 86' lang='lat' dir='ltr'><strong>est</strong></span> <span class='ocrx_word' id='word_1_42' title='bbox 1232 513 1427 562; x_wconf 77' lang='lat' dir='ltr'><strong>vulg-atum</strong></span> 
     </span>
     <span class='ocr_line' id='line_1_6' title="bbox 53 573 1428 631; baseline 0.003 -16"><span class='ocrx_word' id='word_1_43' title='bbox 53 573 183 628; x_wconf 67' lang='grc' dir='ltr'><em>ἥξεις,</em></span> <span class='ocrx_word' id='word_1_44' title='bbox 225 580 378 615; x_wconf 76' lang='lat' dir='ltr'><strong>venies?</strong></span> <span class='ocrx_word' id='word_1_45' title='bbox 428 592 541 626; x_wconf 83' lang='lat' dir='ltr'><strong>quare</strong></span> <span class='ocrx_word' id='word_1_46' title='bbox 579 577 711 614; x_wconf 86' lang='lat' dir='ltr'><strong>lubens</strong></span> <span class='ocrx_word' id='word_1_47' title='bbox 747 575 1009 614; x_wconf 77' lang='lat' dir='ltr'><strong>Florentinum</strong></span> <span class='ocrx_word' id='word_1_48' title='bbox 1048 574 1146 625; x_wconf 67' lang='grc' dir='ltr'><em>ἕξεις</em></span> <span class='ocrx_word' id='word_1_49' title='bbox 1185 581 1349 631; x_wconf 79' lang='lat' dir='ltr'>arripui,</span> <span class='ocrx_word' id='word_1_50' title='bbox 1388 587 1428 619; x_wconf 81' lang='lat' dir='ltr'><strong>ct</strong></span> 
     </span>
     <span class='ocr_line' id='line_1_7' title="bbox 52 643 1429 696; baseline 0.001 -12"><span class='ocrx_word' id='word_1_51' title='bbox 52 645 233 684; x_wconf 71' lang='lat' dir='ltr'><em>retinebis</em></span> <span class='ocrx_word' id='word_1_52' title='bbox 269 647 307 682; x_wconf 86' lang='lat' dir='ltr'><strong>in</strong></span> <span class='ocrx_word' id='word_1_53' title='bbox 344 647 516 683; x_wconf 76' lang='lat' dir='ltr'><strong>versione</strong></span> <span class='ocrx_word' id='word_1_54' title='bbox 554 646 720 693; x_wconf 86' lang='lat' dir='ltr'><strong>reposui.</strong></span> <span class='ocrx_word' id='word_1_55' title='bbox 772 643 921 682; x_wconf 74' lang='lat' dir='ltr'><strong>Rsslrz.</strong></span> <span class='ocrx_word' id='word_1_56' title='bbox 991 644 1130 683; x_wconf 86' lang='lat' dir='ltr'>Voluit</span> <span class='ocrx_word' id='word_1_57' title='bbox 1169 648 1310 696; x_wconf 82' lang='lat' dir='ltr'><strong>igitur,</strong></span> <span class='ocrx_word' id='word_1_58' title='bbox 1358 648 1429 686; x_wconf 83' lang='lat' dir='ltr'><strong>sed</strong></span> 
     </span>
     <span class='ocr_line' id='line_1_8' title="bbox 53 712 1428 764; baseline 0.003 -13"><span class='ocrx_word' id='word_1_59' title='bbox 53 727 128 752; x_wconf 89' lang='lat' dir='ltr'><strong>non</strong></span> <span class='ocrx_word' id='word_1_60' title='bbox 166 715 349 762; x_wconf 83' lang='lat' dir='ltr'><strong>reposuit.</strong></span> <span class='ocrx_word' id='word_1_61' title='bbox 408 712 538 764; x_wconf 80' lang='lat' dir='ltr'><strong>Quare</strong></span> <span class='ocrx_word' id='word_1_62' title='bbox 574 726 645 761; x_wconf 79' lang='lat' dir='ltr'><strong>ego</strong></span> <span class='ocrx_word' id='word_1_63' title='bbox 675 712 979 750; x_wconf 75' lang='lat' dir='ltr'><strong>Gesneriauum:</strong></span> <span class='ocrx_word' id='word_1_64' title='bbox 1024 717 1155 751; x_wconf 76' lang='lat' dir='ltr'><strong>venias</strong></span> <span class='ocrx_word' id='word_1_65' title='bbox 1193 716 1232 751; x_wconf 93' lang='lat' dir='ltr'><strong>in</strong></span> <span class='ocrx_word' id='word_1_66' title='bbox 1260 717 1428 755; x_wconf 76' lang='lat' dir='ltr'><strong>retineas</strong></span> 
     </span>
     <span class='ocr_line' id='line_1_9' title="bbox 54 776 1428 832; baseline 0.002 -13"><span class='ocrx_word' id='word_1_67' title='bbox 54 783 210 819; x_wconf 72' lang='lat' dir='ltr'><strong>mutavi.</strong></span> <span class='ocrx_word' id='word_1_68' title='bbox 268 780 365 818; x_wconf 86' lang='lat' dir='ltr'><strong>Nam</strong></span> <span class='ocrx_word' id='word_1_69' title='bbox 405 776 510 831; x_wconf 70' lang='grc' dir='ltr'><em>ἥξεις</em></span> <span class='ocrx_word' id='word_1_70' title='bbox 547 780 698 828; x_wconf 86' lang='lat' dir='ltr'><strong>quidem</strong></span> <span class='ocrx_word' id='word_1_71' title='bbox 737 779 828 816; x_wconf 83' lang='lat' dir='ltr'><strong>ferri</strong></span> <span class='ocrx_word' id='word_1_72' title='bbox 866 793 935 817; x_wconf 88' lang='lat' dir='ltr'><strong>nec</strong></span> <span class='ocrx_word' id='word_1_73' title='bbox 973 781 1012 816; x_wconf 89' lang='lat' dir='ltr'><strong>in</strong></span> <span class='ocrx_word' id='word_1_74' title='bbox 1051 783 1224 820; x_wconf 81' lang='lat' dir='ltr'><strong>versione</strong></span> <span class='ocrx_word' id='word_1_75' title='bbox 1265 785 1428 832; x_wconf 79' lang='lat' dir='ltr'><strong>amplius</strong></span> 
     </span>
     <span class='ocr_line' id='line_1_10' title="bbox 54 845 1428 900; baseline 0.001 -15"><span class='ocrx_word' id='word_1_76' title='bbox 54 856 213 898; x_wconf 81' lang='lat' dir='ltr'><strong>poterat.</strong></span> <span class='ocrx_word' id='word_1_77' title='bbox 254 848 369 900; x_wconf 81' lang='lat' dir='ltr'><strong>Quod</strong></span> <span class='ocrx_word' id='word_1_78' title='bbox 397 855 521 886; x_wconf 88' lang='lat' dir='ltr'><strong>autem</strong></span> <span class='ocrx_word' id='word_1_79' title='bbox 549 845 791 885; x_wconf 71' lang='lat' dir='ltr'><strong>Fritzsclzius</strong></span> <span class='ocrx_word' id='word_1_80' title='bbox 820 846 977 898; x_wconf 84' lang='lat' dir='ltr'><strong>Quaest.</strong></span> <span class='ocrx_word' id='word_1_81' title='bbox 1007 862 1045 896; x_wconf 89' lang='lat' dir='ltr'><strong>p.</strong></span> <span class='ocrx_word' id='word_1_82' title='bbox 1072 853 1163 890; x_wconf 80' lang='lat'><strong>207.</strong></span> <span class='ocrx_word' id='word_1_83' title='bbox 1195 845 1269 895; x_wconf 70' lang='grc' dir='ltr'><strong>ἕξει</strong></span> <span class='ocrx_word' id='word_1_84' title='bbox 1296 864 1428 891; x_wconf 81' lang='lat' dir='ltr'><strong>verum</strong></span> 
     </span>
     <span class='ocr_line' id='line_1_11' title="bbox 55 914 1429 970; baseline 0.002 -15"><span class='ocrx_word' id='word_1_85' title='bbox 55 931 139 955; x_wconf 87' lang='lat' dir='ltr'><strong>esse</strong></span> <span class='ocrx_word' id='word_1_86' title='bbox 176 917 360 965; x_wconf 81' lang='lat' dir='ltr'><strong>affirmat,</strong></span> <span class='ocrx_word' id='word_1_87' title='bbox 398 914 512 963; x_wconf 88' lang='lat' dir='ltr'><strong>hujus</strong></span> <span class='ocrx_word' id='word_1_88' title='bbox 553 915 721 952; x_wconf 77' lang='lat' dir='ltr'><strong>veritatis</strong></span> <span class='ocrx_word' id='word_1_89' title='bbox 759 914 879 951; x_wconf 80' lang='lat' dir='ltr'><strong>fateor</strong></span> <span class='ocrx_word' id='word_1_90' title='bbox 909 928 971 953; x_wconf 88' lang='lat' dir='ltr'><strong>me</strong></span> <span class='ocrx_word' id='word_1_91' title='bbox 999 915 1151 964; x_wconf 83' lang='lat' dir='ltr'><strong>quidem</strong></span> <span class='ocrx_word' id='word_1_92' title='bbox 1179 930 1254 956; x_wconf 88' lang='lat' dir='ltr'><strong>non</strong></span> <span class='ocrx_word' id='word_1_93' title='bbox 1282 922 1429 970; x_wconf 83' lang='lat' dir='ltr'><strong>perspi·</strong></span> 
     </span>
     <span class='ocr_line' id='line_1_12' title="bbox 54 980 922 1031; baseline -0.005 -9"><span class='ocrx_word' id='word_1_94' title='bbox 54 998 140 1022; x_wconf 88' lang='lat' dir='ltr'><strong>cere</strong></span> <span class='ocrx_word' id='word_1_95' title='bbox 169 990 306 1021; x_wconf 87' lang='lat' dir='ltr'><strong>certam</strong></span> <span class='ocrx_word' id='word_1_96' title='bbox 335 982 498 1031; x_wconf 82' lang='lat' dir='ltr'><strong>aliquam</strong></span> <span class='ocrx_word' id='word_1_97' title='bbox 526 982 722 1020; x_wconf 82' lang='lat' dir='ltr'><strong>rationem.</strong></span> <span class='ocrx_word' id='word_1_98' title='bbox 779 980 922 1019; x_wconf 62' lang='lat' dir='ltr'><strong>Luam.</strong></span> 
     </span>
    </p>

    <p class='ocr_par' dir='ltr' id='par_1_4' title="bbox 54 1044 1429 1236">
     <span class='ocr_line' id='line_1_13' title="bbox 139 1044 1428 1103; baseline 0.004 -15"><span class='ocrx_word' id='word_1_99' title='bbox 139 1050 228 1089; x_wconf 79' lang='lat' dir='ltr'><strong>ead.</strong></span> <span class='ocrx_word' id='word_1_100' title='bbox 266 1051 294 1088; x_wconf 81' lang='lat' dir='ltr'><strong>l.</strong></span> <span class='ocrx_word' id='word_1_101' title='bbox 336 1055 400 1089; x_wconf 88' lang='lat'><strong>10.</strong></span> <span class='ocrx_word' id='word_1_102' title='bbox 447 1045 580 1087; x_wconf 73' lang='grc' dir='ltr'><strong>Ἀλλ’</strong></span> <span class='ocrx_word' id='word_1_103' title='bbox 625 1044 789 1095; x_wconf 82' lang='grc' dir='ltr'>ὅπως]</span> <span class='ocrx_word' id='word_1_104' title='bbox 840 1047 914 1086; x_wconf 87' lang='lat' dir='ltr'><strong>Pro</strong></span> <span class='ocrx_word' id='word_1_105' title='bbox 958 1044 1053 1087; x_wconf 74' lang='grc' dir='ltr'><strong>ἀλλ’</strong></span> <span class='ocrx_word' id='word_1_106' title='bbox 1093 1044 1170 1103; x_wconf 73' lang='grc' dir='ltr'><strong>ὅρα</strong></span> <span class='ocrx_word' id='word_1_107' title='bbox 1211 1047 1319 1099; x_wconf 79' lang='grc' dir='ltr'><em>ὅπως</em></span> <span class='ocrx_word' id='word_1_108' title='bbox 1356 1060 1428 1094; x_wconf 80' lang='lat' dir='ltr'><strong>etc.</strong></span> 
     </span>
     <span class='ocr_line' id='line_1_14' title="bbox 56 1117 1429 1171; baseline 0.003 -15"><span class='ocrx_word' id='word_1_109' title='bbox 56 1117 218 1156; x_wconf 79' lang='lat' dir='ltr'><strong>GUYET.</strong></span> <span class='ocrx_word' id='word_1_110' title='bbox 257 1117 473 1161; x_wconf 82' lang='lat' dir='ltr'><strong>Habuimus</strong></span> <span class='ocrx_word' id='word_1_111' title='bbox 498 1124 575 1155; x_wconf 88' lang='lat' dir='ltr'><strong>tam</strong></span> <span class='ocrx_word' id='word_1_112' title='bbox 603 1118 756 1164; x_wconf 90' lang='lat' dir='ltr'><strong>crebro,</strong></span> <span class='ocrx_word' id='word_1_113' title='bbox 786 1124 828 1156; x_wconf 87' lang='lat' dir='ltr'><strong>ut</strong></span> <span class='ocrx_word' id='word_1_114' title='bbox 855 1130 977 1166; x_wconf 83' lang='lat' dir='ltr'><strong>neque</strong></span> <span class='ocrx_word' id='word_1_115' title='bbox 1005 1117 1276 1171; x_wconf 84' lang='lat' dir='ltr'><strong>explicatione,</strong></span> <span class='ocrx_word' id='word_1_116' title='bbox 1304 1135 1429 1171; x_wconf 85' lang='lat' dir='ltr'><strong>neque</strong></span> 
     </span>
     <span class='ocr_line' id='line_1_15' title="bbox 54 1183 682 1236; baseline -0.003 -12"><span class='ocrx_word' id='word_1_117' title='bbox 54 1188 271 1236; x_wconf 82' lang='lat' dir='ltr'><strong>probatione</strong></span> <span class='ocrx_word' id='word_1_118' title='bbox 299 1186 477 1234; x_wconf 80' lang='lat' dir='ltr'><strong>indigeat.</strong></span> <span class='ocrx_word' id='word_1_119' title='bbox 535 1183 682 1222; x_wconf 70' lang='lat' dir='ltr'><strong>Rmrz.</strong></span> 
     </span>
    </p>

    <p class='ocr_par' dir='ltr' id='par_1_5' title="bbox 56 1246 1429 1437">
     <span class='ocr_line' id='line_1_16' title="bbox 139 1246 1428 1303; baseline 0.002 -12"><span class='ocrx_word' id='word_1_120' title='bbox 139 1253 226 1291; x_wconf 80' lang='lat' dir='ltr'><strong>ead.</strong></span> <span class='ocrx_word' id='word_1_121' title='bbox 264 1253 291 1290; x_wconf 82' lang='lat' dir='ltr'><strong>l.</strong></span> <span class='ocrx_word' id='word_1_122' title='bbox 326 1258 393 1291; x_wconf 83' lang='lat'><strong>13.</strong></span> <span class='ocrx_word' id='word_1_123' title='bbox 436 1246 636 1303; x_wconf 75' lang='grc' dir='ltr'><em>Δεήσῃ]</em></span> <span class='ocrx_word' id='word_1_124' title='bbox 678 1250 802 1289; x_wconf 90' lang='lat' dir='ltr'><strong>Vides</strong></span> <span class='ocrx_word' id='word_1_125' title='bbox 841 1252 941 1301; x_wconf 83' lang='lat' dir='ltr'><strong>jam,</strong></span> <span class='ocrx_word' id='word_1_126' title='bbox 980 1249 1075 1288; x_wconf 86' lang='lat' dir='ltr'><strong>nihil</strong></span> <span class='ocrx_word' id='word_1_127' title='bbox 1113 1260 1307 1301; x_wconf 76' lang='lat' dir='ltr'><strong>peccattun</strong></span> <span class='ocrx_word' id='word_1_128' title='bbox 1344 1268 1428 1295; x_wconf 90' lang='lat' dir='ltr'><strong>esse</strong></span> 
     </span>
     <span class='ocr_line' id='line_1_17' title="bbox 56 1315 1428 1370; baseline 0.002 -11"><span class='ocrx_word' id='word_1_129' title='bbox 56 1336 170 1370; x_wconf 83' lang='lat' dir='ltr'><strong>supra</strong></span> <span class='ocrx_word' id='word_1_130' title='bbox 199 1322 252 1358; x_wconf 89' lang='lat' dir='ltr'><strong>sic</strong></span> <span class='ocrx_word' id='word_1_131' title='bbox 282 1315 449 1369; x_wconf 72' lang='lat' dir='ltr'><strong>edendo,</strong></span> <span class='ocrx_word' id='word_1_132' title='bbox 478 1318 575 1357; x_wconf 81' lang='lat' dir='ltr'><strong>Icar.</strong></span> <span class='ocrx_word' id='word_1_133' title='bbox 606 1333 638 1357; x_wconf 89' lang='lat' dir='ltr'><strong>c.</strong></span> <span class='ocrx_word' id='word_1_134' title='bbox 674 1322 740 1357; x_wconf 89' lang='grc'><strong>14.</strong></span> <span class='ocrx_word' id='word_1_135' title='bbox 778 1318 926 1357; x_wconf 79' lang='grc' dir='ltr'><strong>ΒΕΙΤΖ.</strong></span> <span class='ocrx_word' id='word_1_136' title='bbox 987 1317 1188 1358; x_wconf 86' lang='lat' dir='ltr'><strong>Peccatum</strong></span> <span class='ocrx_word' id='word_1_137' title='bbox 1212 1336 1286 1359; x_wconf 90' lang='lat' dir='ltr'><strong>non</strong></span> <span class='ocrx_word' id='word_1_138' title='bbox 1316 1322 1428 1362; x_wconf 86' lang='lat' dir='ltr'><strong>debe-</strong></span> 
     </span>
     <span class='ocr_line' id='line_1_18' title="bbox 56 1385 1429 1437; baseline 0.002 -10"><span class='ocrx_word' id='word_1_139' title='bbox 56 1391 119 1427; x_wconf 86' lang='lat' dir='ltr'><strong>bat</strong></span> <span class='ocrx_word' id='word_1_140' title='bbox 166 1395 315 1437; x_wconf 83' lang='lat' dir='ltr'><strong>peccato</strong></span> <span class='ocrx_word' id='word_1_141' title='bbox 366 1389 516 1426; x_wconf 88' lang='lat' dir='ltr'><strong>sanciri.</strong></span> <span class='ocrx_word' id='word_1_142' title='bbox 591 1386 636 1424; x_wconf 92' lang='lat' dir='ltr'><strong>In</strong></span> <span class='ocrx_word' id='word_1_143' title='bbox 672 1385 829 1424; x_wconf 90' lang='lat' dir='ltr'><strong>Icarom.</strong></span> <span class='ocrx_word' id='word_1_144' title='bbox 879 1386 908 1424; x_wconf 92' lang='grc'><strong>1.</strong></span> <span class='ocrx_word' id='word_1_145' title='bbox 951 1386 983 1424; x_wconf 89' lang='lat' dir='ltr'><strong>l.</strong></span> <span class='ocrx_word' id='word_1_146' title='bbox 1023 1394 1125 1426; x_wconf 87' lang='lat' dir='ltr'><strong>recte</strong></span> <span class='ocrx_word' id='word_1_147' title='bbox 1158 1387 1429 1431; x_wconf 74' lang='lat' dir='ltr'><strong>Schmiederus</strong></span> 
     </span>
    </p>
   </div>
   <div class='ocr_carea' id='block_1_3' title="bbox 0 1450 1430 1506">
    <p class='ocr_par' dir='ltr' id='par_1_6' title="bbox 0 1450 1430 1506">
     <span class='ocr_line' id='line_1_19' title="bbox 0 1450 1430 1506; baseline 0.001 -10"><span class='ocrx_word' id='word_1_148' title='bbox 0 1476 3 1478; x_wconf 94' lang='lat'>·</span> <span class='ocrx_word' id='word_1_149' title='bbox 57 1472 80 1496; x_wconf 90' lang='lat' dir='ltr'><strong>e</strong></span> <span class='ocrx_word' id='word_1_150' title='bbox 116 1458 244 1506; x_wconf 88' lang='lat' dir='ltr'><strong>probis</strong></span> <span class='ocrx_word' id='word_1_151' title='bbox 278 1457 384 1494; x_wconf 85' lang='lat' dir='ltr'><strong>libris</strong></span> <span class='ocrx_word' id='word_1_152' title='bbox 423 1457 588 1493; x_wconf 88' lang='lat' dir='ltr'><strong>restituit</strong></span> <span class='ocrx_word' id='word_1_153' title='bbox 629 1450 785 1504; x_wconf 51' lang='lat' dir='ltr'><strong>deicae,</strong></span> <span class='ocrx_word' id='word_1_154' title='bbox 825 1454 927 1502; x_wconf 84' lang='lat' dir='ltr'><strong>quod</strong></span> <span class='ocrx_word' id='word_1_155' title='bbox 955 1453 994 1492; x_wconf 88' lang='lat' dir='ltr'><strong>h.</strong></span> <span class='ocrx_word' id='word_1_156' title='bbox 1023 1455 1051 1493; x_wconf 91' lang='lat' dir='ltr'><strong>l.</strong></span> <span class='ocrx_word' id='word_1_157' title='bbox 1081 1456 1205 1494; x_wconf 84' lang='lat' dir='ltr'><strong>facere</strong></span> <span class='ocrx_word' id='word_1_158' title='bbox 1232 1457 1335 1496; x_wconf 87' lang='lat' dir='ltr'><strong>idem</strong></span> <span class='ocrx_word' id='word_1_159' title='bbox 1363 1473 1430 1497; x_wconf 90' lang='lat' dir='ltr'><strong>ne·</strong></span> 
     </span>
    </p>
   </div>
   <div class='ocr_carea' id='block_1_4' title="bbox 49 1521 1459 2653">
    <p class='ocr_par' dir='ltr' id='par_1_7' title="bbox 56 1521 1430 1643">
     <span class='ocr_line' id='line_1_20' title="bbox 56 1521 1430 1575; baseline 0.002 -12"><span class='ocrx_word' id='word_1_160' title='bbox 56 1527 202 1575; x_wconf 79' lang='lat' dir='ltr'><strong>glcxit,</strong></span> <span class='ocrx_word' id='word_1_161' title='bbox 233 1526 304 1563; x_wconf 82' lang='lat' dir='ltr'><strong>etsi</strong></span> <span class='ocrx_word' id='word_1_162' title='bbox 332 1525 495 1561; x_wconf 82' lang='lat' dir='ltr'><strong>monitus</strong></span> <span class='ocrx_word' id='word_1_163' title='bbox 526 1521 676 1561; x_wconf 83' lang='lat' dir='ltr'><strong>Codicis</strong></span> <span class='ocrx_word' id='word_1_164' title='bbox 704 1521 816 1571; x_wconf 67' lang='lat' dir='ltr'><strong>Pan,</strong></span> <span class='ocrx_word' id='word_1_165' title='bbox 847 1535 958 1572; x_wconf 86' lang='lat' dir='ltr'><strong>quam</strong></span> <span class='ocrx_word' id='word_1_166' title='bbox 986 1524 1068 1572; x_wconf 83' lang='lat' dir='ltr'><strong>ipse</strong></span> <span class='ocrx_word' id='word_1_167' title='bbox 1096 1523 1239 1573; x_wconf 82' lang='lat' dir='ltr'><strong>refert,</strong></span> <span class='ocrx_word' id='word_1_168' title='bbox 1267 1526 1430 1566; x_wconf 78' lang='lat' dir='ltr'><strong>lectione</strong></span> 
     </span>
     <span class='ocr_line' id='line_1_21' title="bbox 57 1591 459 1643; baseline -0.005 -12"><span class='ocrx_word' id='word_1_169' title='bbox 57 1595 232 1643; x_wconf 83' lang='lat' dir='ltr'><strong>genuina.</strong></span> <span class='ocrx_word' id='word_1_170' title='bbox 282 1591 424 1629; x_wconf 71' lang='lat' dir='ltr'><strong>me.</strong></span> <span class='ocrx_word' id='word_1_171' title='bbox 457 1633 459 1635; x_wconf 57' lang='grc'><strong>,</strong></span> 
     </span>
    </p>

    <p class='ocr_par' dir='ltr' id='par_1_8' title="bbox 49 1651 1433 1982">
     <span class='ocr_line' id='line_1_22' title="bbox 142 1651 1430 1713; baseline -0.005 -15"><span class='ocrx_word' id='word_1_172' title='bbox 142 1658 230 1698; x_wconf 79' lang='lat' dir='ltr'><strong>ead.</strong></span> <span class='ocrx_word' id='word_1_173' title='bbox 261 1659 289 1697; x_wconf 86' lang='lat' dir='ltr'><strong>l.</strong></span> <span class='ocrx_word' id='word_1_174' title='bbox 312 1662 378 1697; x_wconf 85' lang='lat'><strong>14.</strong></span> <span class='ocrx_word' id='word_1_175' title='bbox 414 1659 506 1713; x_wconf 70' lang='grc' dir='ltr'><strong>Τῷ</strong></span> <span class='ocrx_word' id='word_1_176' title='bbox 534 1656 688 1696; x_wconf 71' lang='grc' dir='ltr'><em>παιδὶ</em></span> <span class='ocrx_word' id='word_1_177' title='bbox 717 1657 787 1711; x_wconf 77' lang='grc' dir='ltr'><strong>τῷ</strong></span> <span class='ocrx_word' id='word_1_178' title='bbox 815 1653 1026 1707; x_wconf 79' lang='grc' dir='ltr'><em>Ζήνωνι</em></span> <span class='ocrx_word' id='word_1_179' title='bbox 1058 1651 1430 1710; x_wconf 78' lang='grc' dir='ltr'><em>ὃἈρισταίνε-</em></span> 
     </span>
     <span class='ocr_line' id='line_1_23' title="bbox 58 1721 1431 1778; baseline 0.001 -12"><span class='ocrx_word' id='word_1_180' title='bbox 58 1742 145 1773; x_wconf 84' lang='grc' dir='ltr'><strong>τος</strong></span> <span class='ocrx_word' id='word_1_181' title='bbox 185 1721 452 1778; x_wconf 69' lang='grc' dir='ltr'><strong>ἀγόμενοζ</strong></span> <span class='ocrx_word' id='word_1_182' title='bbox 487 1728 743 1776; x_wconf 72' lang='grc' dir='ltr'><strong>γυναῖκα]</strong></span> <span class='ocrx_word' id='word_1_183' title='bbox 784 1723 838 1764; x_wconf 89' lang='lat' dir='ltr'><strong>H.</strong></span> <span class='ocrx_word' id='word_1_184' title='bbox 877 1738 916 1764; x_wconf 84' lang='lat' dir='ltr'><strong>e.</strong></span> <span class='ocrx_word' id='word_1_185' title='bbox 943 1725 1040 1777; x_wconf 75' lang='lat' dir='ltr'><strong>filio</strong></span> <span class='ocrx_word' id='word_1_186' title='bbox 1073 1725 1231 1765; x_wconf 83' lang='lat' dir='ltr'><strong>Zenom·</strong></span> <span class='ocrx_word' id='word_1_187' title='bbox 1265 1743 1431 1768; x_wconf 79' lang='lat' dir='ltr'><strong>uxorem</strong></span> 
     </span>
     <span class='ocr_line' id='line_1_24' title="bbox 57 1791 1429 1843; baseline 0.001 -10"><span class='ocrx_word' id='word_1_188' title='bbox 57 1793 322 1843; x_wconf 75' lang='lat' dir='ltr'><strong>despondens,</strong></span> <span class='ocrx_word' id='word_1_189' title='bbox 361 1807 436 1831; x_wconf 86' lang='lat' dir='ltr'><strong>non</strong></span> <span class='ocrx_word' id='word_1_190' title='bbox 472 1807 589 1842; x_wconf 86' lang='lat' dir='ltr'><strong>vero,</strong></span> <span class='ocrx_word' id='word_1_191' title='bbox 629 1807 796 1831; x_wconf 72' lang='lat' dir='ltr'><strong>uxorem</strong></span> <span class='ocrx_word' id='word_1_192' title='bbox 833 1791 995 1843; x_wconf 73' lang='lat' dir='ltr'><strong>ducens,</strong></span> <span class='ocrx_word' id='word_1_193' title='bbox 1045 1794 1101 1831; x_wconf 77' lang='lat' dir='ltr'><strong>uti</strong></span> <span class='ocrx_word' id='word_1_194' title='bbox 1136 1792 1250 1833; x_wconf 87' lang='lat' dir='ltr'><strong>habet</strong></span> <span class='ocrx_word' id='word_1_195' title='bbox 1285 1798 1429 1835; x_wconf 85' lang='lat' dir='ltr'><strong>versio:</strong></span> 
     </span>
     <span class='ocr_line' id='line_1_25' title="bbox 58 1856 1433 1914; baseline 0.002 -14"><span class='ocrx_word' id='word_1_196' title='bbox 58 1861 246 1912; x_wconf 82' lang='lat' dir='ltr'><strong>siguificat</strong></span> <span class='ocrx_word' id='word_1_197' title='bbox 287 1862 386 1898; x_wconf 88' lang='lat' dir='ltr'><strong>enim</strong></span> <span class='ocrx_word' id='word_1_198' title='bbox 426 1856 597 1911; x_wconf 72' lang='grc' dir='ltr'><em>ἄγεσθαι</em></span> <span class='ocrx_word' id='word_1_199' title='bbox 636 1858 710 1914; x_wconf 76' lang='grc' dir='ltr'><strong>υἱῷ</strong></span> <span class='ocrx_word' id='word_1_200' title='bbox 749 1864 941 1912; x_wconf 78' lang='grc' dir='ltr'><em>γυναῖκα,</em></span> <span class='ocrx_word' id='word_1_201' title='bbox 992 1875 1159 1899; x_wconf 78' lang='lat' dir='ltr'><strong>uxorem</strong></span> <span class='ocrx_word' id='word_1_202' title='bbox 1194 1860 1433 1913; x_wconf 79' lang='lat' dir='ltr'><strong>despondere</strong></span> 
     </span>
     <span class='ocr_line' id='line_1_26' title="bbox 49 1926 1079 1982; baseline 0 -15"><span class='ocrx_word' id='word_1_203' title='bbox 49 1930 160 1982; x_wconf 77' lang='lat' dir='ltr'><strong>filio.</strong></span> <span class='ocrx_word' id='word_1_204' title='bbox 216 1927 403 1977; x_wconf 83' lang='lat' dir='ltr'><strong>Exempla</strong></span> <span class='ocrx_word' id='word_1_205' title='bbox 431 1930 571 1976; x_wconf 87' lang='lat' dir='ltr'><strong>passim</strong></span> <span class='ocrx_word' id='word_1_206' title='bbox 601 1935 813 1967; x_wconf 88' lang='lat' dir='ltr'><strong>occurrunt.</strong></span> <span class='ocrx_word' id='word_1_207' title='bbox 872 1926 1079 1967; x_wconf 73' lang='lat' dir='ltr'><strong>VITRING.</strong></span> 
     </span>
    </p>

    <p class='ocr_par' dir='ltr' id='par_1_9' title="bbox 143 1985 1431 2050">
     <span class='ocr_line' id='line_1_27' title="bbox 143 1985 1431 2050; baseline 0.003 -17"><span class='ocrx_word' id='word_1_208' title='bbox 143 1995 244 2044; x_wconf 80' lang='lat' dir='ltr'><strong>Pag.</strong></span> <span class='ocrx_word' id='word_1_209' title='bbox 259 1985 328 2035; x_wconf 73' lang='lat'><strong>47.</strong></span> <span class='ocrx_word' id='word_1_210' title='bbox 349 1996 376 2034; x_wconf 86' lang='lat' dir='ltr'><strong>l.</strong></span> <span class='ocrx_word' id='word_1_211' title='bbox 392 2000 430 2034; x_wconf 84' lang='lat'><strong>2.</strong></span> <span class='ocrx_word' id='word_1_212' title='bbox 463 1997 541 2049; x_wconf 64' lang='grc' dir='ltr'><strong>Τιῖ</strong></span> <span class='ocrx_word' id='word_1_213' title='bbox 564 1994 788 2047; x_wconf 79' lang='grc' dir='ltr'><em>Εὖκρίτο</em></span> <span class='ocrx_word' id='word_1_214' title='bbox 801 1999 849 2041; x_wconf 84' lang='grc' dir='ltr'><strong>υ]</strong></span> <span class='ocrx_word' id='word_1_215' title='bbox 883 1993 1120 2050; x_wconf 71' lang='grc' dir='ltr'><em>ΤῷΧαιρέᾳ</em></span> <span class='ocrx_word' id='word_1_216' title='bbox 1134 1995 1244 2034; x_wconf 83' lang='lat' dir='ltr'><strong>infra.</strong></span> <span class='ocrx_word' id='word_1_217' title='bbox 1268 1995 1431 2038; x_wconf 72' lang='lat' dir='ltr'><strong>GUYET.</strong></span> 
     </span>
    </p>

    <p class='ocr_par' dir='ltr' id='par_1_10' title="bbox 60 2058 1459 2653">
     <span class='ocr_line' id='line_1_28' title="bbox 144 2058 1431 2114; baseline 0.002 -13"><span class='ocrx_word' id='word_1_218' title='bbox 144 2062 233 2101; x_wconf 80' lang='lat' dir='ltr'><strong>ead.</strong></span> <span class='ocrx_word' id='word_1_219' title='bbox 264 2063 292 2100; x_wconf 84' lang='lat' dir='ltr'><strong>l.</strong></span> <span class='ocrx_word' id='word_1_220' title='bbox 328 2068 395 2101; x_wconf 87' lang='lat'><strong>13.</strong></span> <span class='ocrx_word' id='word_1_221' title='bbox 430 2058 764 2112; x_wconf 72' lang='grc' dir='ltr'>Ζηνόθεμις]</span> <span class='ocrx_word' id='word_1_222' title='bbox 796 2062 969 2100; x_wconf 90' lang='lat' dir='ltr'><strong>Eundem</strong></span> <span class='ocrx_word' id='word_1_223' title='bbox 998 2076 1082 2100; x_wconf 87' lang='lat' dir='ltr'><strong>esse</strong></span> <span class='ocrx_word' id='word_1_224' title='bbox 1111 2077 1195 2101; x_wconf 89' lang='lat' dir='ltr'><strong>cum</strong></span> <span class='ocrx_word' id='word_1_225' title='bbox 1220 2078 1289 2114; x_wconf 84' lang='lat' dir='ltr'><strong>e0,</strong></span> <span class='ocrx_word' id='word_1_226' title='bbox 1320 2080 1431 2114; x_wconf 86' lang='lat' dir='ltr'><strong>quem</strong></span> 
     </span>
     <span class='ocr_line' id='line_1_29' title="bbox 60 2130 1433 2179; baseline 0.001 -9"><span class='ocrx_word' id='word_1_227' title='bbox 60 2134 100 2170; x_wconf 88' lang='lat' dir='ltr'><strong>in</strong></span> <span class='ocrx_word' id='word_1_228' title='bbox 143 2130 379 2169; x_wconf 88' lang='lat' dir='ltr'><strong>Hermotimo</strong></span> <span class='ocrx_word' id='word_1_229' title='bbox 427 2143 503 2167; x_wconf 90' lang='lat' dir='ltr'><strong>non</strong></span> <span class='ocrx_word' id='word_1_230' title='bbox 548 2132 778 2167; x_wconf 86' lang='lat' dir='ltr'><strong>nominatum</strong></span> <span class='ocrx_word' id='word_1_231' title='bbox 830 2131 1056 2179; x_wconf 82' lang='lat' dir='ltr'><strong>exagitavit,</strong></span> <span class='ocrx_word' id='word_1_232' title='bbox 1103 2131 1214 2170; x_wconf 84' lang='lat' dir='ltr'><strong>facile</strong></span> <span class='ocrx_word' id='word_1_233' title='bbox 1263 2134 1433 2171; x_wconf 85' lang='lat' dir='ltr'><strong>evincent</strong></span> 
     </span>
     <span class='ocr_line' id='line_1_30' title="bbox 60 2197 1432 2249; baseline 0.001 -13"><span class='ocrx_word' id='word_1_234' title='bbox 60 2200 252 2246; x_wconf 88' lang='lat' dir='ltr'><strong>utriusque</strong></span> <span class='ocrx_word' id='word_1_235' title='bbox 301 2198 455 2236; x_wconf 84' lang='lat' dir='ltr'><strong>avaritia</strong></span> <span class='ocrx_word' id='word_1_236' title='bbox 499 2204 537 2234; x_wconf 87' lang='lat' dir='ltr'><strong>et</strong></span> <span class='ocrx_word' id='word_1_237' title='bbox 589 2197 678 2245; x_wconf 78' lang='lat' dir='ltr'><strong>gula</strong></span> <span class='ocrx_word' id='word_1_238' title='bbox 730 2211 998 2246; x_wconf 83' lang='lat' dir='ltr'><strong>usquequaque</strong></span> <span class='ocrx_word' id='word_1_239' title='bbox 1046 2198 1205 2237; x_wconf 86' lang='lat' dir='ltr'><strong>similes.</strong></span> <span class='ocrx_word' id='word_1_240' title='bbox 1279 2197 1432 2249; x_wconf 83' lang='lat' dir='ltr'><strong>Confer,</strong></span> 
     </span>
     <span class='ocr_line' id='line_1_31' title="bbox 61 2264 1431 2316; baseline 0.001 -12"><span class='ocrx_word' id='word_1_241' title='bbox 61 2280 158 2316; x_wconf 88' lang='lat' dir='ltr'><strong>quae</strong></span> <span class='ocrx_word' id='word_1_242' title='bbox 198 2279 230 2303; x_wconf 89' lang='lat' dir='ltr'><strong>c.</strong></span> <span class='ocrx_word' id='word_1_243' title='bbox 261 2269 327 2303; x_wconf 89' lang='lat'><strong>11.</strong></span> <span class='ocrx_word' id='word_1_244' title='bbox 369 2271 407 2302; x_wconf 83' lang='lat' dir='ltr'><strong>et</strong></span> <span class='ocrx_word' id='word_1_245' title='bbox 435 2264 463 2301; x_wconf 91' lang='lat' dir='ltr'><strong>f.</strong></span> <span class='ocrx_word' id='word_1_246' title='bbox 496 2269 563 2302; x_wconf 81' lang='lat'><strong>32.</strong></span> <span class='ocrx_word' id='word_1_247' title='bbox 591 2271 788 2301; x_wconf 83' lang='lat' dir='ltr'><strong>occurrunt</strong></span> <span class='ocrx_word' id='word_1_248' title='bbox 818 2279 903 2302; x_wconf 87' lang='lat' dir='ltr'><strong>cum</strong></span> <span class='ocrx_word' id='word_1_249' title='bbox 932 2265 1106 2304; x_wconf 80' lang='lat' dir='ltr'><strong>Hermot.</strong></span> <span class='ocrx_word' id='word_1_250' title='bbox 1136 2279 1168 2303; x_wconf 88' lang='lat' dir='ltr'><strong>c.</strong></span> <span class='ocrx_word' id='word_1_251' title='bbox 1202 2270 1266 2304; x_wconf 91' lang='lat'><strong>11.</strong></span> <span class='ocrx_word' id='word_1_252' title='bbox 1297 2275 1335 2305; x_wconf 91' lang='lat' dir='ltr'><strong>et</strong></span> <span class='ocrx_word' id='word_1_253' title='bbox 1364 2272 1431 2306; x_wconf 88' lang='grc'><strong>80.</strong></span> 
     </span>
     <span class='ocr_line' id='line_1_32' title="bbox 62 2323 1459 2382; baseline 0 -10"><span class='ocrx_word' id='word_1_254' title='bbox 62 2333 214 2372; x_wconf 74' lang='lat' dir='ltr'><strong>SoLAN.</strong></span> <span class='ocrx_word' id='word_1_255' title='bbox 254 2327 486 2382; x_wconf 71' lang='grc' dir='ltr'><em>Ζηνόθεμις</em></span> <span class='ocrx_word' id='word_1_256' title='bbox 508 2323 556 2380; x_wconf 64' lang='grc' dir='ltr'><strong>ἦν</strong></span> <span class='ocrx_word' id='word_1_257' title='bbox 582 2325 601 2369; x_wconf 82' lang='grc' dir='ltr'><em>ὃ</em></span> <span class='ocrx_word' id='word_1_258' title='bbox 626 2327 866 2382; x_wconf 72' lang='grc' dir='ltr'>πρεσβύτης]</span> <span class='ocrx_word' id='word_1_259' title='bbox 896 2331 1121 2382; x_wconf 71' lang='lat' dir='ltr'><strong>Alciphron</strong></span> <span class='ocrx_word' id='word_1_260' title='bbox 1140 2335 1252 2371; x_wconf 84' lang='lat' dir='ltr'><strong>etiam</strong></span> <span class='ocrx_word' id='word_1_261' title='bbox 1270 2333 1343 2382; x_wconf 88' lang='lat' dir='ltr'><strong>Ep.</strong></span> <span class='ocrx_word' id='word_1_262' title='bbox 1364 2338 1431 2373; x_wconf 76' lang='lat'><strong>54.</strong></span> <span class='ocrx_word' id='word_1_263' title='bbox 1457 2349 1459 2353; x_wconf 89' lang='lat'>·</span> 
     </span>
     <span class='ocr_line' id='line_1_33' title="bbox 61 2392 1431 2451; baseline -0.001 -11"><span class='ocrx_word' id='word_1_264' title='bbox 61 2401 135 2440; x_wconf 89' lang='grc' dir='ltr'><strong>ΠΙ.</strong></span> <span class='ocrx_word' id='word_1_265' title='bbox 164 2414 292 2438; x_wconf 84' lang='lat' dir='ltr'><strong>senem</strong></span> <span class='ocrx_word' id='word_1_266' title='bbox 321 2398 489 2437; x_wconf 85' lang='lat' dir='ltr'><strong>Stoicum</strong></span> <span class='ocrx_word' id='word_1_267' title='bbox 518 2400 639 2447; x_wconf 85' lang='lat' dir='ltr'><strong>primo</strong></span> <span class='ocrx_word' id='word_1_268' title='bbox 667 2399 750 2436; x_wconf 91' lang='lat' dir='ltr'><strong>loco</strong></span> <span class='ocrx_word' id='word_1_269' title='bbox 778 2401 962 2438; x_wconf 79' lang='lat' dir='ltr'><strong>nominat:</strong></span> <span class='ocrx_word' id='word_1_270' title='bbox 1007 2401 1138 2451; x_wconf 71' lang='grc' dir='ltr'><em>παρῆν</em></span> <span class='ocrx_word' id='word_1_271' title='bbox 1169 2392 1238 2438; x_wconf 63' lang='grc' dir='ltr'><strong>οὖν</strong></span> <span class='ocrx_word' id='word_1_272' title='bbox 1267 2399 1308 2438; x_wconf 74' lang='grc' dir='ltr'><strong>ἐν</strong></span> <span class='ocrx_word' id='word_1_273' title='bbox 1338 2397 1431 2439; x_wconf 77' lang='grc' dir='ltr'><em>τού-</em></span> 
     </span>
     <span class='ocr_line' id='line_1_34' title="bbox 63 2457 1432 2519; baseline -0.001 -11"><span class='ocrx_word' id='word_1_274' title='bbox 63 2483 147 2514; x_wconf 85' lang='grc' dir='ltr'><strong><em>τοις</em></strong></span> <span class='ocrx_word' id='word_1_275' title='bbox 177 2464 359 2517; x_wconf 77' lang='grc' dir='ltr'><em>Εὗοκλῆς</em></span> <span class='ocrx_word' id='word_1_276' title='bbox 385 2461 405 2505; x_wconf 80' lang='grc' dir='ltr'><em>ὅ</em></span> <span class='ocrx_word' id='word_1_277' title='bbox 436 2462 634 2513; x_wconf 69' lang='grc' dir='ltr'><strong>Στωὶὶκὸς,</strong></span> <span class='ocrx_word' id='word_1_278' title='bbox 666 2457 782 2512; x_wconf 58' lang='grc' dir='ltr'><em>οὗτος</em></span> <span class='ocrx_word' id='word_1_279' title='bbox 811 2461 831 2504; x_wconf 83' lang='grc' dir='ltr'><em>ὃ</em></span> <span class='ocrx_word' id='word_1_280' title='bbox 862 2463 1100 2519; x_wconf 72' lang='grc' dir='ltr'><strong>πρεσβύτης.</strong></span> <span class='ocrx_word' id='word_1_281' title='bbox 1139 2466 1288 2506; x_wconf 76' lang='grc' dir='ltr'><strong>ΒΕΙΤΖ.</strong></span> <span class='ocrx_word' id='word_1_282' title='bbox 1336 2467 1432 2507; x_wconf 84' lang='lat' dir='ltr'><strong>Cum</strong></span> 
     </span>
     <span class='ocr_line' id='line_1_35' title="bbox 64 2533 1432 2575; baseline 0.001 -1"><span class='ocrx_word' id='word_1_283' title='bbox 64 2537 203 2574; x_wconf 76' lang='lat' dir='ltr'><strong>Solam·</strong></span> <span class='ocrx_word' id='word_1_284' title='bbox 241 2541 327 2572; x_wconf 85' lang='lat' dir='ltr'><strong>uota</strong></span> <span class='ocrx_word' id='word_1_285' title='bbox 365 2535 534 2572; x_wconf 85' lang='lat' dir='ltr'><strong>conferas</strong></span> <span class='ocrx_word' id='word_1_286' title='bbox 567 2540 733 2572; x_wconf 82' lang='lat' dir='ltr'><strong>nostram</strong></span> <span class='ocrx_word' id='word_1_287' title='bbox 767 2534 817 2572; x_wconf 86' lang='lat' dir='ltr'><strong>ad</strong></span> <span class='ocrx_word' id='word_1_288' title='bbox 842 2533 1018 2574; x_wconf 85' lang='lat' dir='ltr'><strong>Hermot.</strong></span> <span class='ocrx_word' id='word_1_289' title='bbox 1045 2549 1078 2574; x_wconf 90' lang='lat' dir='ltr'><strong>c.</strong></span> <span class='ocrx_word' id='word_1_290' title='bbox 1109 2540 1175 2575; x_wconf 86' lang='lat'><strong>11.</strong></span> <span class='ocrx_word' id='word_1_291' title='bbox 1214 2534 1325 2574; x_wconf 90' lang='lat' dir='ltr'><strong>Tom.</strong></span> <span class='ocrx_word' id='word_1_292' title='bbox 1354 2534 1432 2575; x_wconf 89' lang='lat' dir='ltr'><strong>IV.</strong></span> 
     </span>
     <span class='ocr_line' id='line_1_36' title="bbox 64 2600 504 2653; baseline -0.011 -10"><span class='ocrx_word' id='word_1_293' title='bbox 64 2619 104 2653; x_wconf 83' lang='lat' dir='ltr'><strong>p.</strong></span> <span class='ocrx_word' id='word_1_294' title='bbox 134 2607 231 2642; x_wconf 80' lang='lat'><strong>388.</strong></span> <span class='ocrx_word' id='word_1_295' title='bbox 261 2617 318 2651; x_wconf 83' lang='lat' dir='ltr'><strong>sq.</strong></span> <span class='ocrx_word' id='word_1_296' title='bbox 361 2600 504 2639; x_wconf 73' lang='lat' dir='ltr'><strong>me.</strong></span> 
     </span>
    </p>
   </div>
   <div class='ocr_carea' id='block_1_5' title="bbox 149 2666 1432 2774">
    <p class='ocr_par' dir='ltr' id='par_1_11' title="bbox 149 2666 1432 2774">
     <span class='ocr_line' id='line_1_37' title="bbox 149 2666 1432 2722; baseline 0.001 -14"><span class='ocrx_word' id='word_1_297' title='bbox 149 2669 238 2708; x_wconf 80' lang='lat' dir='ltr'><strong>ead.</strong></span> <span class='ocrx_word' id='word_1_298' title='bbox 265 2671 294 2708; x_wconf 83' lang='lat' dir='ltr'><strong>l.</strong></span> <span class='ocrx_word' id='word_1_299' title='bbox 319 2672 384 2708; x_wconf 87' lang='grc'><strong>14.</strong></span> <span class='ocrx_word' id='word_1_300' title='bbox 415 2666 456 2708; x_wconf 88' lang='grc' dir='ltr'><em>Δ</em></span> <span class='ocrx_word' id='word_1_301' title='bbox 467 2667 484 2706; x_wconf 83' lang='grc' dir='ltr'><strong>ι’</strong></span> <span class='ocrx_word' id='word_1_302' title='bbox 492 2682 522 2722; x_wconf 82' lang='grc' dir='ltr'><strong><em>φ</em></strong></span> <span class='ocrx_word' id='word_1_303' title='bbox 537 2669 582 2708; x_wconf 76' lang='grc' dir='ltr'><strong>ιλ</strong></span> <span class='ocrx_word' id='word_1_304' title='bbox 596 2672 672 2716; x_wconf 88' lang='grc' dir='ltr'><strong>ος]</strong></span> <span class='ocrx_word' id='word_1_305' title='bbox 702 2667 778 2708; x_wconf 81' lang='lat' dir='ltr'><strong>Hic</strong></span> <span class='ocrx_word' id='word_1_306' title='bbox 796 2670 886 2708; x_wconf 85' lang='lat' dir='ltr'><strong>alibi</strong></span> <span class='ocrx_word' id='word_1_307' title='bbox 908 2683 982 2708; x_wconf 87' lang='lat' dir='ltr'><strong>non</strong></span> <span class='ocrx_word' id='word_1_308' title='bbox 1000 2675 1240 2707; x_wconf 83' lang='lat' dir='ltr'><strong>memoratur.</strong></span> <span class='ocrx_word' id='word_1_309' title='bbox 1279 2667 1432 2709; x_wconf 74' lang='lat' dir='ltr'><strong>Somm.</strong></span> 
     </span>
     <span class='ocr_line' id='line_1_38' title="bbox 1068 2735 1143 2774; baseline 0.013 -1"><span class='ocrx_word' id='word_1_310' title='bbox 1068 2735 1102 2773; x_wconf 92' lang='lat' dir='ltr'>Z</span> <span class='ocrx_word' id='word_1_311' title='bbox 1120 2741 1143 2774; x_wconf 85' lang='lat'><strong>2</strong></span> 
     </span>
    </p>
   </div>
  </div>
 </body>
</html>
