1768 3125
243 161 1123 197 ‚1NPH1L01’A‘1’R1N.
1312 152 1405 197 571

37 283 172 333 aliquis
211 283 342 322 doctus
380 290 444 321 aut
482 285 521 322 in
563 282 674 324 Creta
704 284 852 335 insula,
890 291 956 323 aut
991 286 1056 323 ubi
1093 287 1261 336 gentium
1288 287 1406 337 volet,

35 350 163 390 decem
189 351 298 390 nobis
326 352 449 389 millia
477 354 669 401 virginum
697 352 980 391 trucidatarum
1013 361 1131 392 eruat.
1191 352 1347 393 SoLAN.

117 418 206 457 ead.
240 420 269 457 l.
304 424 341 458 8.
372 415 527 473 Νήσῳ
560 419 637 467 ε’ν]
672 420 794 459 ΙΙουι.
827 420 906 458 Od.
936 420 993 469 A,
1026 424 1093 460 50.
1154 419 1308 460 SOLAN.

117 485 214 524 ibid.
247 483 488 539 Κρήτην]
533 487 664 536 Neque
701 488 767 526 Jo.
798 488 1003 527 Meursae'us
1042 490 1082 527 in
1112 487 1242 539 Creta,
1282 505 1404 540 neque

33 555 230 603 quisquam
259 556 380 604 alius,
421 555 647 606 quidquam,
687 556 785 604 quod
811 558 947 605 sciam,
986 557 1165 606 protulit,
1207 558 1305 596 uncle
1338 559 1406 597 lux

33 629 133 660 certa
180 624 310 661 inferri
371 622 460 660 huic
515 624 598 661 loco
662 625 791 671 possit.
851 622 1120 672 Suspicabatur
1171 624 1406 664 Ilffatum‘nus

36 688 86 727 V
77 693 242 741 ayss-iere
269 691 311 729 la
343 691 488 739 Groze,
516 689 586 729 hoc
613 691 791 729 accidisse
817 689 1022 730 Aureliani
1042 692 1284 740 Imperatoris
1308 707 1404 732 anno

31 759 171 807 tertio,
212 772 284 806 quo
318 756 436 797 Gothi
464 757 654 806 Europam
692 766 727 796 et
757 757 897 798 Asiam
937 761 1112 798 caedibus
1150 767 1188 798 et
1225 761 1405 799 incendiis

30 832 236 864 vastarunt.
295 824 423 865 Utitur
452 827 664 864 testimonio
691 825 857 876 Zosimi,
885 830 991 876 cujus
1020 826 1053 876 I,
1085 830 1152 865 46.
1184 826 1274 866 haec
1294 836 1401 866 sunt:

30 888 184 945 Πράσει)
222 890 265 931 δὲ
302 894 383 932 τῶν
412 893 588 931 Σκυθῶν
632 889 888 943 ἔλασάντων,
931 893 996 931 καὶ
1018 889 1226 945 Ῥωμαίων
1267 893 1405 942 αὐτοῖς

30 955 440 1010 ἐπακολουθούντων,
493 957 529 998 οἳ
572 955 737 1011 Κρήτην
785 960 850 998 καὶ
886 955 1024 999 Ῥόδον
1076 957 1404 1014 περιπλεύσαντες

28 1022 254 1080 βάρβαροι,
287 1023 509 1081 πράξαντες
538 1024 653 1066 οὐδὲν
685 1023 924 1080 ἀφηγήσεως
953 1024 1090 1078 ἄξιον,
1129 1025 1403 1082 ἀνεχώρησαν.

30 1092 294 1144 Coniecturam
339 1095 515 1133 damnare
563 1096 675 1144 plane
722 1109 795 1133 non
833 1098 978 1135 ausim:
1030 1096 1241 1136 charactera
1280 1105 1405 1137 autem

29 1164 209 1212 temporis
238 1162 325 1201 hinc
353 1164 432 1211 peti
460 1176 533 1200 non
562 1164 704 1211 patiar,
754 1163 848 1213 (vid.
890 1164 983 1202 diss.
1015 1165 1049 1213 §.
1082 1167 1171 1212 26.)
1209 1165 1278 1204 sed
1319 1180 1404 1205 cum

30 1233 179 1269 omnino
228 1232 277 1269 sit
332 1231 554 1278 conjecuu·is
603 1231 813 1280 agendum,
863 1233 953 1269 satis
1001 1246 1150 1280 quoque
1189 1234 1404 1281 probabiles

30 1299 156 1337 afferri
197 1313 218 1337 a
258 1312 319 1337 me
357 1312 470 1347 posse
502 1299 677 1336 arbitror.
738 1297 885 1336 Cretam
925 1313 1010 1337 cum
1038 1298 1251 1337 Palaestina
1291 1315 1405 1350 saepe

30 1366 231 1415 confundi,
272 1373 439 1403 notatum
472 1365 646 1415 Ηιιετίο,
688 1364 801 1405 Dem.
828 1365 972 1415 Evang.
1003 1365 1092 1416 IV,
1138 1371 1178 1414 8,
1219 1372 1258 1406 9.
1315 1368 1404 1418 Ipsa

36 1432 139 1471 Gaza
167 1432 302 1472 Minoa
340 1433 440 1470 dicta
478 1440 573 1471 teste
601 1431 798 1482 Stephano
835 1433 1009 1484 Byzant.
1052 1433 1092 1473 h.
1130 1448 1170 1472 n.
1209 1442 1251 1473 ut
1285 1450 1403 1485 prope

28 1501 133 1539 illam
167 1500 324 1539 lilinois.
384 1500 445 1538 De
483 1515 617 1550 magua
647 1502 882 1539 Cretensium
921 1509 958 1540 et
990 1500 1225 1540 Gazaeorum
1268 1517 1404 1553 cogna-

32 1570 134 1607 tione
163 1566 352 1607 ΒοοῘιαντ.
383 1566 544 1606 Canaan.
574 1566 615 1616 Ι,
658 1571 724 1607 15.
755 1575 793 1606 et
822 1567 1054 1607 Lakemaclz.
1093 1569 1310 1609 Observatt.
1346 1571 1402 1621 ll,

31 1641 70 1684 2,
100 1640 138 1675 6.
169 1648 249 1684 seq.
281 1637 345 1684 qui
375 1636 527 1673 colonos
557 1634 793 1674 Cretensium
823 1634 992 1674 Gazaeos
1031 1644 1068 1675 et
1110 1645 1300 1685 caeteros,
1339 1640 1403 1687 qui

30 1698 188 1761 (νς-ΠΣ)
220 1702 350 1741 Ονειῖιί
388 1704 426 1740 in
456 1701 648 1751 Scriptura
677 1702 721 1740 S.
753 1704 1009 1753 appellantur,
1048 1711 1226 1743 aununat.
1283 1704 1403 1745 Porro

30 1784 113 1808 cum
150 1769 360 1820 Imperator
393 1769 565 1809 Julianus
605 1777 732 1819 aperte
780 1771 828 1809 acl
879 1773 1059 1821 gentilem
1096 1775 1403 1821 superstitionem

27 1839 199 1888 relapsus
228 1846 349 1888 esset,
387 1839 560 1887 pluribus
589 1840 629 1876 in
653 1840 748 1877 locis
774 1840 925 1888 imperii
953 1838 1137 1889 Romani,
1178 1854 1314 1889 magna
1350 1843 1401 1879 li-

30 1907 149 1944 centia
178 1907 338 1957 gentiles
367 1906 568 1944 adversum
597 1906 832 1946 Christianos
861 1908 1120 1954 insurrexere,
1152 1908 1304 1955 impune
1328 1910 1401 1947 sci-

28 1973 142 2023 licet,
173 1973 354 2022 quidquid
384 1975 465 2011 ausi
493 1974 627 2022 forent,
658 1975 728 2011 sub
758 1974 826 2011 tali
855 1972 1084 2022 Imperatore
1112 1974 1240 2012 laturi.
1283 1973 1401 2024 Cujus

29 2043 86 2079 rei
115 2048 194 2078 tum
225 2042 299 2078 alia
327 2047 414 2078 sunt
442 2041 616 2089 exempla
645 2054 667 2077 a
694 2042 844 2088 nostris,
872 2042 934 2089 qui
964 2048 1042 2078 tum
1069 2043 1216 2092 vixere,
1245 2045 1402 2092 scripto-

30 2109 134 2146 ribus
162 2109 303 2156 relata,
340 2114 420 2145 tum
456 2106 556 2145 haud
596 2121 727 2156 parum
768 2107 815 2145 ad
842 2122 923 2146 rem
951 2116 1115 2147 nostram
1145 2110 1269 2148 facere
1297 2111 1401 2149 vide-

29 2182 114 2226 tur,
156 2176 256 2225 quod
289 2175 500 2224 Gregorius
528 2175 808 2223 Nazianzenus
840 2174 951 2213 habet
991 2178 1158 2214 oratione
1196 2179 1402 2228 στηλιτευ-

29 2244 119 2297 τικῇ
159 2245 278 2292 prima
318 2258 406 2293 pag.
438 2248 505 2283 87.
544 2245 610 2281 nbi
648 2243 695 2281 de
731 2241 1045 2293 Arethusiorum,
1091 2242 1401 2294 Gazaeorumque

33 2312 72 2348 in
103 2309 338 2349 Christianos
367 2312 522 2349 saevitia
550 2310 621 2348 hoc
648 2312 745 2349 inter
773 2312 847 2348 alia
871 2311 1010 2349 refert:
1057 2302 1166 2350 οὗτοι
1207 2311 1400 2364 λέγονται,

31 2376 393 2417 ΠΛΡΘΕΝΟΥΣ
432 2377 641 2416 ΑΓΝΑΣ
689 2377 755 2416 καὶ
806 2374 1122 2430 ὖπερκοσμιόυς,
1163 2376 1403 2430 ἀψαύστους

29 2446 176 2499 μικροῦ
216 2445 283 2483 καὶ
329 2441 563 2498 ὀφθαλμοῖς
601 2442 802 2498 οἷῤῥένων,
856 2446 911 2493 εἷς
948 2445 1072 2497 μέσον
1112 2445 1404 2500 προαγαγόντες

32 2512 98 2552 καὶ
136 2514 209 2564 τῆς
246 2511 422 2563 ἐσθῆτος
448 2508 755 2565 γυμνώσαντες,
795 2512 864 2552 ἵνα
906 2516 955 2567 τῇ
985 2513 1065 2569 θέα
1094 2511 1285 2566 πρότερον
1313 2515 1403 2555 ἔνυ-

29 2579 245 2634 βρίσωσιν,
298 2576 372 2619 εἶτ’
415 2578 691 2634 ἀνακείραντες
742 2580 808 2620 καὶ
844 2579 1239 2621 ΛΙΧΑΣΑΝΤΕΣ
1264 2606 1320 2612 —
1364 2582 1403 2623 οἱ

31 2645 105 2698 μὲν
141 2646 260 2697 ῗόίοις
298 2645 438 2689 ὀδοῦσι
475 2649 799 2702 καθεστιαθῆναι
828 2673 879 2681 -
910 2646 949 2689 οἱ
987 2647 1032 2689 δὲ
1069 2648 1309 2705 σκαίρουσιν
1344 2649 1403 2692 ἔτι
