1740 3095
239 167 334 212 652
617 180 688 210 DE
725 179 937 212 AETATE
973 180 1043 212 ET
1077 179 1318 213 Aucwomz

237 300 461 341 Alexander
488 300 673 348 voluerit,
703 301 866 348 profert:
905 302 1003 341 forte
1032 301 1131 350 quod
1158 302 1336 342 laudandi
1364 310 1468 341 erant
1483 332 1495 355 ,
1538 303 1611 343 hoc

239 370 390 419 quidem
416 371 455 407 in
483 368 590 417 loco;
621 368 720 417 quod
749 382 770 406 a
796 383 838 407 se
869 383 1035 418 paganus
1064 369 1177 407 homo
1206 372 1407 419 impetrare
1435 386 1508 409 non
1541 386 1610 420 po-

238 440 362 475 terat?
420 435 497 474 Sed
538 437 649 473 etiam
690 449 774 473 cum
815 436 912 474 ridet
942 435 1174 474 Christianos
1187 440 1234 486 a),
1280 447 1318 476 et
1356 453 1418 477 res
1457 440 1610 477 illorum

240 505 365 542 dedita
395 518 508 552 opera
536 517 687 541 narrare
711 503 830 541 videri
860 504 963 550 vult,
1005 506 1141 552 partim
1182 507 1308 543 verbis
1338 520 1386 544 ex
1414 507 1610 555 gentilium

237 572 432 620 disciplina
473 573 600 619 petitis
639 573 756 608 utitur
783 571 830 608 ad
852 585 914 608 res
944 573 1109 619 ipsorum
1151 572 1421 622 designandas,
1459 574 1612 622 partim,

236 640 384 688 vulgari
414 653 561 687 errore,
603 637 832 676 Judaeorum
871 646 908 676 et
938 637 1235 678 Christianorum
1264 642 1421 678 miscere
1463 641 1613 689 negotia

238 708 406 755 videtur,
445 713 484 743 et:
508 707 546 743 in
576 708 793 744 universum
822 707 872 743 ita
901 706 1089 754 loquitur,
1128 714 1170 744 ut
1198 709 1288 746 satis
1318 713 1516 755 appareat,
1545 720 1612 744 ne-

237 789 311 823 que
340 775 455 812 libros
486 788 612 812 sacros
639 775 779 823 legisse
808 788 994 823 unquam,
1038 788 1160 822 neque
1199 777 1312 813 etiam
1348 773 1498 812 aliunde
1527 787 1615 811 san-

237 844 424 880 ctissimae
465 842 684 890 disciplinae
736 842 898 878 rationes
940 843 1031 878 satis
1070 841 1247 880 habuisse
1293 843 1458 891 cognitas
1499 848 1612 890 atque

237 918 469 959 perspectas.
530 908 719 961 Quoniam
749 908 788 945 id
824 915 881 945 est
910 922 1040 955 parum
1066 910 1111 946 ab
1142 909 1212 947 hac
1241 910 1490 958 disputatione
1521 909 1614 946 alie-

236 991 347 1026 num,
379 991 472 1026 age,
503 977 684 1025 quaedam
714 976 761 1013 ad
794 975 891 1012 hunc
921 974 1082 1013 Luciani
1110 977 1235 1014 locum
1265 984 1498 1014 annotemus.

322 1043 483 1083 XVIII.
524 1043 587 1082 Ac
623 1045 785 1092 primum
822 1043 974 1090 quidem
1011 1045 1149 1092 miror,
1188 1043 1503 1092 TANAQU1LLUM
1531 1042 1615 1080 Fir-⁶

236 1126 382 1161 numu,
425 1113 547 1149 virum
587 1112 931 1159 ingeniosissimum
974 1110 1019 1147 ad
1060 1111 1127 1147 illa
1165 1109 1340 1160 verb-ab),
1380 1107 1448 1148 τὸν
1489 1107 1615 1161 μέγαν

238 1180 334 1231 γοῦν
364 1178 507 1217 ἐκεῖνον
538 1193 575 1216 κ.
606 1193 642 1217 τ.
676 1179 712 1215 λ.
745 1184 963 1215 annotasse:
1003 1177 1131 1215 Istaec
1166 1178 1304 1216 vocula
1342 1178 1437 1228 γοῦν
1467 1187 1502 1214 et
1530 1192 1615 1215 sen-

237 1262 302 1284 sus
342 1256 498 1295 repente
536 1246 724 1294 abruptus
759 1249 854 1283 satis
894 1245 1092 1294 indicam,
1132 1246 1252 1282 multa
1286 1244 1348 1283 hic
1379 1260 1404 1283 (ι
1434 1243 1615 1282 Luciano

239 1313 424 1352 adversus
456 1312 649 1351 Christum
674 1316 821 1361 scripta
836 1315 996 1365 fuisse,
1041 1328 1138 1364 quae
1166 1328 1192 1350 a
1220 1312 1431 1364 mcgjorz‘bus
1458 1314 1614 1359 nostris,

239 1380 453 1420 hominibus
493 1384 652 1419 nimium
686 1384 789 1430 piis,
841 1381 994 1418 sublata
1024 1383 1163 1433 fuere.
1223 1380 1335 1418 Hinc
1379 1383 1509 1431 itaque
1545 1389 1615 1429 est,

242 1450 346 1502 quod
373 1450 535 1489 dixerat
563 1449 733 1497 Suidas,
763 1448 983 1488 Lucianum
1012 1444 1299 1487 καθάπτεσθαι
1325 1448 1396 1486 τοῦ
1413 1447 1616 1499 >symma-

242 1520 412 1568 rmfltoii,
482 1517 546 1556 καὶ
602 1513 724 1555 αὐτὸν
778 1517 1030 1568 βλαςφηλιιεῖν
1079 1512 1148 1554 τὸν
1195 1511 1398 1567 Χριστὸν,
1460 1513 1501 1553 ἓν
1558 1515 1614 1568 τῷ

241 1587 313 1625 τοῦ
343 1585 584 1637 Περεγρίνου
623 1583 714 1637 βίῳ.
773 1583 887 1622 Hinc
913 1585 1100 1636 factum,
1139 1593 1181 1621 ut
1217 1586 1259 1621 in
1281 1583 1481 1634 plerisque
1508 1582 1614 1620 Mss.

244 1654 367 1692 Codd.
400 1669 477 1692 non
505 1653 673 1701 amplius
709 1661 835 1689 exstet
861 1651 1112 1700 Peregrinus.
1171 1650 1359 1699 Equidem
1395 1652 1538 1700 fateor,
1583 1651 1616 1689 si

241 1724 412 1761 voculam
440 1721 535 1772 γοῦν
569 1722 814 1768 interpretere
851 1721 1002 1769 itaque,
1042 1726 1083 1756 ut
1124 1726 1181 1756 est
1222 1720 1267 1756 ab
1308 1733 1376 1767 eo,
1416 1720 1480 1767 qui
1517 1717 1616 1756 hunc

243 1791 434 1839 dialogum
461 1790 668 1836 convertit,
710 1787 872 1832 factum,
912 1787 1010 1823 male
1046 1785 1140 1823 haec
1184 1785 1385 1824 cohaerere
1426 1800 1510 1823 cum
1549 1787 1615 1835 iis,

243 1872 339 1906 quae
368 1856 607 1905 praecedunt,
668 1852 745 1891 Sed
774 1854 863 1901 quid
891 1860 1005 1902 vetat,
1036 1867 1107 1901 quo
1138 1855 1259 1890 minus
1288 1860 1477 1891 vertamus
1501 1855 1614 1902 enim,

242 1926 546 1972 frequentissima
575 1924 778 1970 nimirum,
809 1921 908 1968 apud
939 1920 1149 1957 Lucianum
1175 1922 1308 1969 etiam,
1339 1923 1442 1959 vocis
1471 1920 1616 1969 signifi-

242 1994 405 2040 catione,
449 1998 489 2029 ut
531 1990 716 2039 quandam
754 1995 858 2026 notet
895 1987 1163 2036 parenthesin?
1204 1987 1282 2039 Qui
1311 1990 1423 2038 enim,
1464 2002 1614 2037 quaeso,

243 2061 483 2107 concinnius,
515 2072 627 2106 quam
656 2059 731 2105 ita,
762 2057 866 2104 loqui
896 2058 1015 2103 potuit
1046 2054 1264 2093 Lucianus:
1294 2055 1520 2104 Peregrinus
1548 2070 1616 2093 no-

242 2135 319 2164 ster
347 2129 386 2163 in
415 2125 648 2165 Christianos
679 2126 790 2161 etiam
817 2124 971 2171 incidit,
1004 2130 1041 2161 et
1083 2130 1280 2171 postquam
1316 2124 1469 2160 illorum
1497 2123 1616 2161 edidi-

245 2196 357 2232 cisset
395 2194 596 2242 mysteria,
641 2193 761 2229 subito
805 2192 961 2228 nimium
1000 2198 1176 2238 quantum
1215 2192 1314 2228 inter
1352 2192 1440 2229 illos
1480 2205 1616 2229 nomen

244 2268 282 2298 et
310 2262 471 2310 gloriam
501 2266 558 2297 est
587 2266 819 2297 consecutus.
878 2258 974 2297 Nam
1003 2258 1207 2296 hodienum
1233 2259 1341 2296 durat
1361 2259 1426 2295 illa
1451 2273 1616 2307 quortm-

245 2329 331 2365 dam
370 2329 550 2374 stultitia,
599 2333 640 2363 ut
684 2327 870 2364 celebrem
911 2328 1025 2364 istum
1064 2328 1104 2362 in
1145 2325 1356 2363 Palaestina
1391 2340 1615 2374 suspensum

245 2393 435 2431 hominem
463 2399 684 2431 venerentur
714 2400 784 2430 etc.
844 2393 972 2443 Pergit
1000 2393 1158 2442 deinde,
1198 2399 1238 2431 ut
1275 2393 1404 2432 videas
1430 2408 1452 2431 a
1480 2407 1615 2442 paren-

246 2461 342 2500 thesi
379 2463 540 2500 reverti:
577 2455 664 2498 τότε
705 2459 801 2497 ΔΗ
835 2459 899 2499 καὶ
936 2460 1183 2514 συλληφθεὶς
1225 2475 1263 2499 κ.
1302 2475 1338 2499 τ.
1378 2462 1414 2498 λ.
1473 2459 1615 2499 Sensus

291 2618 327 2661 a)
356 2616 413 2650 De
436 2625 549 2651 morte
571 2616 716 2662 Pera-gr.
744 2630 773 2650 e.
801 2621 853 2650 11.

294 2675 332 2716 b)
360 2676 438 2719 Cap.
465 2678 519 2707 11.
