1768 3125
247 177 310 207 IN
348 175 738 211 οοΝνη-ιυΜ
775 176 886 208 SEU
925 178 1266 210 LAPITRAS.
1349 169 1441 210 373

65 304 103 335 et
142 310 237 345 quae
264 295 308 335 J.
337 296 498 336 Elsnmu
542 299 593 335 ibi
636 311 683 335 ex
713 296 881 348 Josepho
919 305 1030 348 atque
1059 298 1233 338 Aeliano
1270 301 1440 350 protulit,

65 364 253 401 adderem.
305 363 458 403 mez.
517 363 594 402 Res
632 379 721 404 sane
762 374 818 404 est
847 368 1031 416 vulgaris.
1091 365 1168 405 Sed
1197 367 1258 405 vel
1287 375 1440 415 propter

63 429 157 468 itanc
186 432 306 479 ipsam
336 445 504 470 caussam
534 433 693 481 praetuli
723 436 948 482 exquisitius
977 435 1156 482 verbum,
1188 434 1286 484 quod
1316 432 1437 473 codd.

62 505 279 548 servarunt,
333 495 606 551 περισπάσας,
660 503 698 538 in
739 517 812 549 quo
854 504 959 550 juxta
1002 504 1191 540 notionem
1231 501 1436 550 avellendi,

60 564 334 616 abstrahendi,
380 568 474 605 iilud
523 582 672 616 quoque
713 571 836 618 inest,
887 569 987 618 quod
1024 569 1159 607 blanda
1198 569 1359 618 quadam
1396 571 1436 609 vi

60 634 225 672 alienum
254 635 478 683 discipulum
509 636 555 673 ad
581 642 681 673 tuam
710 636 946 684 disciplinam
963 637 1035 674 wel
1064 638 1263 675 amicitiam
1292 643 1436 686 pertra-

58 699 127 738 has
156 702 201 739 ab
232 702 349 739 altero
379 703 442 740 vel
470 704 589 741 amico
617 703 678 740 vel
704 704 885 755 magistro
913 703 1173 742 abalienatum.
1225 704 1435 758 Eleganter

59 769 114 807 sic
151 767 271 809 Iudic.
302 768 441 808 Vocal.
484 784 518 810 c.
557 774 598 808 8.
638 770 746 808 litera
792 770 834 807 T
866 769 1003 810 dicitur
1043 766 1324 824 περισπάσασα
1352 772 1434 811 τῶν

55 837 255 886 μελισσῶν
285 833 356 875 οὐκ
385 834 532 888 ὀλίγας.
589 835 737 876 Lmnu.

140 903 228 942 ead.
259 904 287 942 2.
320 909 389 944 12.
411 900 686 955 ''HdeeoavJ
718 903 782 943 Sic
810 903 890 944 Ms.
921 904 975 946 Ο.
1005 905 1050 944 In
1078 906 1237 955 reliquis
1266 900 1430 958 ᾔδεσαν.

54 970 213 1010 ΒοιΑΝ.
273 969 397 1020 Saepe
426 973 465 1009 in
493 972 626 1010 ultima
655 985 750 1011 εσαν
778 986 825 1011 an
852 986 962 1012 εισαν
989 974 1222 1012 terminanda
1249 973 1432 1012 fluctuant

53 1046 247 1077 auctorum
285 1039 480 1080 editiones.
539 1038 790 1079 Grammatica
825 1042 993 1090 postulat
1031 1055 1141 1080 εισαν
1180 1043 1219 1079 in
1250 1042 1430 1091 tempori-

53 1107 123 1145 bus
151 1107 448 1156 plusquampers.
500 1106 615 1146 Licet
643 1106 909 1159 §azael-stow,
953 1123 1026 1148 non
1057 1123 1166 1148 εισαν
1194 1110 1429 1158 frequentius

52 1175 90 1212 in
129 1176 344 1213 auctoribus
381 1176 563 1224 reperias,
619 1174 715 1214 Vid.
757 1190 870 1225 supra
899 1191 979 1226 cap.
1013 1181 1081 1216 12.
1138 1176 1196 1215 Ita
1225 1175 1427 1216 Scholiast.

52 1240 262 1291 Aristoph.
308 1243 386 1280 alio
427 1243 512 1281 loco
551 1242 786 1291 Euripidem
825 1235 928 1296 ᾖσαν
968 1259 1038 1294 pro
1076 1240 1241 1297 ᾔδεισαν
1281 1244 1428 1283 dixisse

52 1311 122 1357 ait,
161 1310 237 1347 alio
266 1311 348 1347 loco
377 1310 417 1347 id
447 1324 531 1349 esse
559 1325 626 1359 pro
656 1306 804 1363 ᾔδεσαν
831 1313 982 1362 scribit,
1018 1312 1131 1350 modo
1160 1312 1254 1351 bene
1283 1312 1426 1350 descri-

49 1379 169 1426 pserit
197 1377 340 1416 Mam.
379 1378 427 1416 de
456 1377 560 1416 Dial.
602 1393 640 1427 p.
674 1381 742 1417 52.
783 1378 866 1429 Ego
905 1377 1034 1418 Codici
1071 1379 1124 1418 B.
1164 1394 1248 1418 cum
1277 1380 1425 1419 Solane

51 1446 184 1495 parui,
215 1447 303 1494 quia
334 1447 389 1484 sic
418 1447 608 1484 terminari
637 1447 754 1496 solet,
786 1448 831 1485 ab
857 1444 980 1500 ᾔδειν.
1039 1447 1091 1486 Ut
1122 1448 1259 1488 Genes.
1287 1446 1424 1497 XLII,

50 1517 121 1552 23.
171 1508 283 1551 αὐτοὶ
338 1510 382 1551 δὲ
427 1510 499 1552 οὐκ
536 1509 720 1567 ᾔδεισαν,
774 1509 834 1553 ὅτι
875 1511 1008 1553 ἀκούει
1047 1511 1210 1568 Ἰωσήφ.
1280 1514 1424 1554 Itermn

47 1579 188 1619 Exod.
217 1579 347 1628 XVI,
394 1583 460 1620 15.
512 1581 563 1620 Et
590 1581 705 1622 Emi.
734 1581 837 1629 LV,
883 1587 922 1622 5.
961 1596 1004 1621 ac
1042 1584 1101 1621 bis
1137 1590 1196 1621 ter
1224 1583 1421 1632 deinceps:

46 1650 139 1687 item
177 1649 216 1686 in
252 1647 351 1687 Nov.
388 1648 510 1688 Foed.
553 1649 691 1688 Marc.
722 1648 855 1697 XIV,
896 1653 963 1690 40.
1003 1656 1077 1690 etc.
1133 1649 1254 1699 Apud
1289 1650 1423 1690 Hero-

46 1715 157 1757 dian.
187 1730 276 1755 vero
305 1715 349 1764 Ι,
391 1721 468 1766 13,
512 1721 579 1756 11.
610 1713 781 1769 ᾔδεσαν,
821 1717 919 1766 quod
947 1731 1017 1755 neo
1043 1719 1255 1767 improbare
1285 1720 1421 1769 ausim,

46 1785 158 1834 quia,
201 1790 243 1821 ut
277 1785 316 1821 iu
345 1784 453 1833 aliis,
500 1791 656 1834 utraque
693 1785 904 1823 terminatio
943 1786 1069 1823 locuun
1105 1785 1244 1824 habere
1281 1792 1421 1837 potest,

44 1853 128 1890 sive>
163 1851 403 1900 plusquamp.
443 1851 570 1902 dicas,
609 1854 690 1891 sive
729 1853 775 1890 ab
814 1853 965 1902 antiquo
994 1854 1133 1891 aoristo
1162 1849 1312 1906 ᾗδεσα,
1355 1855 1422 1904 qui

44 1926 144 1958 certe
178 1919 356 1957 formaret
391 1915 564 1972 ᾔδεσαν,
607 1933 718 1969 quem
756 1927 879 1958 tamen
908 1921 947 1958 in
975 1934 1047 1959 usu
1076 1933 1161 1959 esse
1188 1934 1264 1959 non
1292 1921 1418 1961 credo.

44 1987 195 2028 Rmrz.

128 2053 231 2102 Pag.
263 2057 331 2092 69.
370 2052 400 2092 l.
436 2058 503 2092 15.
542 2050 956 2106 Ataepdij'yvv‘co]
998 2052 1033 2093 l.
1072 2068 1110 2094 e.
1145 2055 1417 2104 propemodum

45 2121 363 2169 disrumpebatur.
421 2118 486 2158 Sic
524 2121 650 2160 solent
688 2120 874 2170 ejusmodi
907 2121 1021 2160 verba
1055 2123 1136 2161 sine
1173 2122 1331 2170 effectu,
1375 2129 1418 2162 ut

43 2189 160 2238 vulgo
201 2187 381 2236 dicimus,
421 2189 524 2235 poni.
584 2186 693 2226 Conf.
737 2190 888 2226 omniuo
927 2202 1040 2237 supra
1078 2190 1177 2228 dicta
1218 2190 1265 2228 de
1293 2188 1415 2231 Mort.

43 2255 132 2295 Per.
172 2255 219 2293 ad
256 2268 340 2303 cap.
382 2259 452 2295 37.
493 2251 721 2307 ἀποπνιγεὶς
755 2252 821 2295 ἐπ’
859 2251 1021 2307 αὐτοῖς,
1054 2252 1274 2307 Ἀπίωμεν,
1320 2253 1413 2310 ἔφη.

42 2322 160 2363 Adde
183 2321 329 2372 Evang.
348 2320 450 2363 Luc.
479 2321 536 2373 V,
568 2328 610 2364 6.
639 2318 912 2376 Διερρήγνυτο
939 2321 983 2363 δὲ
1008 2320 1054 2364 τὸ
1086 2323 1244 2364 δίκτυον
1268 2319 1414 2374 αὐτῶν,

43 2398 82 2430 et
110 2404 206 2441 quae
234 2390 392 2430 Elsner.
423 2392 475 2429 ibi
503 2397 621 2430 notat.
677 2390 831 2432 Rmrz·

126 2457 230 2507 Pag.
270 2463 340 2497 70.
378 2458 409 2496 l.
442 2462 480 2498 5.
522 2455 596 2498 Αἱ
636 2456 933 2499 ἐπιστολαὶ
975 2455 1146 2511 ὁρᾶτε
1184 2455 1249 2506 ὥς
1285 2472 1414 2511 πρε-

44 2527 191 2576 σβυτι
209 2539 231 2563 κ
247 2540 272 2563 α
289 2524 324 2576 i]
355 2524 538 2565 Verterat
559 2526 773 2566 Erasmus.-
814 2526 950 2567 videtis
978 2543 1106 2581 quam,
1137 2538 1172 2567 et
1199 2530 1308 2576 ipsae
1334 2530 1415 2576 epi-

42 2593 162 2632 stolae
185 2607 326 2642 graves
353 2596 432 2632 sint
457 2610 505 2634 ac
533 2595 683 2634 seniles.
740 2594 975 2635 Benedictus
1002 2596 1132 2634 volens
1161 2608 1246 2633 esse
1273 2595 1413 2645 brevis,

47 2667 213 2711 amputat
259 2667 472 2713 postrema,
518 2664 735 2713 relinquens
776 2677 892 2715 quam
928 2677 1069 2712 graves
1105 2665 1182 2701 sint
1217 2661 1413 2712 epistolae,
