1740 3095
303 165 397 210 618
598 172 1371 207 ΑΒΝοΤΑΤῙοΝΕε

302 298 359 338 V.
385 298 496 336 Jens.
523 296 591 335 sed
618 295 714 333 nihil
741 302 866 332 tamen
893 300 1016 331 muta:
1046 294 1271 343 intelligitur
1300 295 1398 331 enim
1429 288 1567 344 αὐτήν.
1609 291 1674 332 Sic

302 369 414 417 plane
453 365 548 414 apud
588 363 865 401 Philostratum
904 362 1043 411 leg-itur
1078 375 1164 410 pag.
1208 366 1304 399 789.
1350 358 1468 399 αὐτὸν
1491 356 1674 412 -ἠγάσθη

303 437 376 486 τῆς
415 430 536 485 ὥρας.
579 430 730 469 SoLAN.
788 430 874 468 Non
922 443 1131 467 recusarem
1174 424 1358 480 ἠράσθη,
1408 430 1441 466 si
1480 430 1544 477 qui
1587 429 1677 466 libri

304 503 545 548 exhiberent,
594 505 747 547 propter
785 499 1002 545 sequentia,
1046 498 1163 534 amori
1197 498 1369 545 propria3
1410 497 1476 535 sed
1515 498 1601 544 quia
1639 502 1677 534 et

305 566 456 620 ἄγαμαι
496 568 542 605 de
579 565 839 604 venerabunda
876 565 1121 602 admiratione
1170 566 1260 602 satis
1301 566 1450 611 tritum,
1498 572 1539 601 ut
1579 563 1678 612 apud

302 636 464 676 ΡΙιιιῖτιν.
496 635 567 683 Ep.
602 639 667 673 28.
699 630 743 671 τὸ
773 630 846 682 μὲν
875 629 950 683 γὰρ
982 627 1119 669 εὔνουν
1149 631 1214 669 καὶ
1246 629 1460 680 σι’μπαθές
1479 645 1551 669 σου
1577 627 1679 682 ἄγα-

302 720 404 756 μαι,
444 710 481 741 et
516 704 664 751 passiva
694 702 760 738 illa
790 701 1000 738 terminatio
1029 715 1098 748 pro
1138 695 1372 751 ἀγάσασθαι
1412 714 1484 736 uon
1522 700 1571 736 sit
1607 700 1679 736 im-

302 774 441 822 proba,
477 771 573 808 nihil
615 772 690 818 jam
719 770 950 819 3immutem.
1010 767 1175 805 Aeliam
1229 766 1285 805 V.
1325 766 1377 804 H.
1415 766 1484 815 V,
1537 771 1575 804 6.
1619 780 1678 813 pr.

295 838 429 886 Ἄξιον
461 836 662 877 ἐπαινέσαι
696 858 744 863 -
776 834 840 873 καὶ
873 832 1118 886 ἀγασθῆναι.
1178 834 1289 874 Unde
1320 842 1356 873 et
1384 842 1495 883 patet,
1528 834 1566 871 id
1592 834 1680 881 plus

304 922 413 955 esse,
444 920 556 955 quam
585 903 777 942 laudare.-
818 918 903 940 nam
941 904 1107 952 gradatio
1138 911 1217 952 est,
1263 903 1410 952 quando
1440 904 1515 950 ait,
1548 897 1681 946 ’Ἄξιον

305 974 348 1013 δὲ
377 973 442 1012 καὶ
474 971 518 1011 τὸ
549 968 738 1010 Κολάνου
770 972 841 1009 τοῦ
868 964 996 1008 Ἰνδοῦ
1024 970 1136 1017 τέλος
1160 969 1375 1017 ἐπαινέσαι,
1409 966 1529 1015 ἄλλος
1556 966 1599 1006 ὁ)
1633 964 1682 1006 ἂν

304 1037 433 1088 εἶπεν,
466 1037 523 1078 ὅτι
556 1039 619 1077 καὶ
653 1033 899 1090 ἀγασθῆναι.
961 1038 1003 1076 Si
1048 1041 1132 1087 quis
1163 1047 1286 1076 tamen
1325 1038 1364 1075 id
1400 1039 1548 1086 passive
1589 1037 1683 1074 velit

304 1122 521 1157 exponere,
564 1109 650 1155 quia
691 1102 943 1157 ἀγασάμενος
978 1113 1035 1143 est
1077 1107 1335 1154 frequentius,
1378 1106 1412 1142 is
1456 1105 1681 1153 meminerit,

303 1174 549 1214 Eustatlzium
579 1176 726 1212 tradere
743 1203 753 1222 ,
787 1173 901 1221 (quod
929 1171 1063 1221 Steph.
1086 1176 1159 1220 jam
1188 1174 1343 1217 notavit)
1375 1174 1501 1220 ipsum
1531 1168 1683 1221 ἄγαμαι

303 1246 492 1294 praeterit.
532 1256 615 1280 esse
646 1243 861 1290 passivum,
894 1255 1012 1289 aeque
1043 1255 1085 1278 ac
1114 1238 1288 1291 ἔ’ραμαι’
1331 1240 1491 1288 ideoque
1530 1239 1582 1276 nil
1613 1238 1684 1275 mi-

303 1327 412 1358 rum,
444 1312 477 1349 si
507 1318 544 1348 et
573 1311 660 1348 aliis
687 1311 726 1346 in
755 1310 986 1357 temporibus
1016 1311 1164 1357 passive
1194 1310 1400 1356 formetur,
1431 1315 1472 1344 ut
1500 1307 1599 1344 idem
1634 1318 1684 1343 ex

303 1380 413 1418 Plat.
468 1377 551 1416 Pol.
604 1377 638 1416 I.
677 1375 743 1415 καὶ
784 1373 859 1428 ἐγώ
900 1374 1094 1428 ἀγασθεὶς
1147 1373 1272 1414 αὐτοῦ
1322 1371 1501 1420 εἰπόντος
1541 1374 1683 1412 ταῦτα.

303 1447 454 1487 ΒΕῙΤΖ.
1364 1460 1373 1474 .

389 1515 491 1563 Pag.
526 1516 621 1552 264.
663 1512 690 1550 l.
722 1516 758 1550 1.
803 1508 910 1550 Οὔκ
952 1507 1084 1565 ᾤετο
1138 1507 1363 1561 βιωτὸν]
1412 1506 1580 1547 Subaudi
1614 1503 1683 1545 τὸν

304 1582 419 1634 βίον,
462 1581 561 1629 quod
602 1581 753 1628 saepius
784 1580 955 1618 additur:
1000 1581 1066 1618 sed
1104 1587 1141 1618 et
1175 1578 1363 1617 interdum
1404 1578 1546 1625 omitti,
1583 1575 1684 1613 idem

303 1649 492 1700 Stephan.
526 1650 617 1686 satis
647 1651 722 1695 jam
752 1648 890 1686 docuit.
949 1647 1101 1686 Rmrz.

390 1717 491 1764 Pag.
519 1718 613 1753 265.
643 1715 671 1751 l.
701 1719 739 1753 7.
762 1706 820 1750 3H
846 1712 950 1764 μὴν
981 1710 1365 1766 ἐπικουρήσειν
1394 1712 1460 1765 τῷ
1490 1705 1686 1761 ταύτης

307 1781 626 1830 ἀξιωθέντι]
653 1781 855 1829 Perperam
885 1783 1058 1819 redditur
1087 1783 1142 1834 τῷ
1175 1778 1322 1831 ταύτης
1352 1777 1589 1827 ἀξιωθέντι,
1618 1780 1686 1830 qui

305 1852 407 1891 Ῐιαπο
436 1850 564 1888 dicere
592 1849 777 1897 dignatus
791 1851 958 1902 fuisset.
1016 1849 1201 1897 Debebat,
1230 1852 1298 1901 qui
1322 1847 1395 1886 Ῐιασ
1421 1847 1562 1896 dignus
1590 1855 1685 1884 esset

297 1920 516 1974 judicatus.
575 1916 784 1956 Vnnme.

394 1987 499 2034 Pag.
534 1989 628 2023 266.
661 1985 688 2022 Ι.
723 1989 759 2022 5.
791 1981 1010 2031 Αὐτοὺς
1035 1981 1309 2030 ἐάσαντες]
1342 1981 1488 2022 Λῦτοί.
1520 1981 1683 2020 GUYET.

307 2054 438 2101 Male,
479 2053 614 2101 cred03
665 2067 751 2090 nam
792 2050 938 2099 αὐτοὺς
980 2054 1139 2101 pertinet
1177 2052 1224 2089 ad
1264 2051 1468 2100 Trojanos,
1518 2051 1685 2099 adeoque

308 2131 410 2162 recte
438 2122 563 2159 habet.
622 2120 775 2158 mez.

395 2189 483 2229 ead.
512 2190 539 2226 7.
570 2193 608 2226 9.
647 2186 750 2225 Οὐκ
783 2183 1093 2237 ἀπέτρεψαν
1129 2186 1358 2236 μᾶλλον]
1390 2184 1543 2223 Rectius
1573 2185 1680 2234 lega-

310 2265 371 2296 tur
401 2253 503 2294 ἀλλὰ
534 2263 617 2293 ante
645 2255 816 2303 μᾶλλον.
847 2253 997 2292 SOLAN.
1034 2253 1091 2292 At
1118 2254 1193 2292 vid.
1226 2252 1342 2291 Varr.
1373 2253 1496 2290 Lectt.
1540 2252 1682 2290 LEHM.

396 2323 483 2362 ead.
521 2324 548 2360 I.
584 2329 648 2361 10.
680 2322 770 2368 Εἷς
800 2323 985 2368 τοῦτο]
1018 2321 1085 2360 An
1116 2320 1282 2370 τοῦτον;
1321 2320 1484 2359 Gmcm.
1527 2319 1685 2357 Frustra
1735 2364 1740 2367 ,

310 2406 465 2438 rursus,
507 2398 548 2428 ut
579 2392 760 2439 arbitr0r3
800 2405 887 2427 nam
918 2389 973 2434 εἷς
1002 2390 1118 2427 τοῦτο
1149 2395 1291 2437 spectat
1320 2388 1366 2426 ad
1395 2382 1541 2432 εἰδότες
1580 2383 1684 2424 ἀπο-

313 2458 554 2509 λουμένοις,
598 2458 711 2506 idque
750 2458 943 2496 confirmat
986 2470 1146 2505 sequens
1186 2453 1429 2494 ἀποθανεῖν·
1479 2456 1529 2492 ait
1569 2455 1684 2503 igitur

313 2528 369 2566 ad
406 2526 474 2565 Ῐιοο
511 2529 658 2574 ipsum,
698 2527 777 2563 sive
822 2527 869 2563 ob
907 2525 1003 2563 hanc
1037 2527 1157 2573 ipsam
1193 2538 1384 2570 caussam,
1424 2529 1465 2560 ut
1504 2523 1682 2570 perirent,

313 2598 465 2634 missos.
525 2592 668 2630 RmTz.

398 2663 502 2710 Pag.
536 2666 632 2700 267.
669 2660 697 2698 ἶ.
729 2665 767 2699 8.
809 2658 949 2712 Περὶ
987 2659 1184 2709 ταῦτα]
1230 2656 1296 2697 An
1324 2651 1478 2706 ταύτά;
1520 2653 1682 2693 Guxm.
