1768 3125
290 182 689 215 PHILOPATRIDIS
726 183 1087 217 mssssnrAmo.
1334 175 1425 216 661

47 299 230 343 ἅπαντα·
265 299 362 351 (ὅς-τε
392 300 534 344 ἐάσατε
563 301 637 351 τὰς
667 303 914 357 φαντασίας·
958 304 1053 353 τοὺς
1087 304 1130 344 δὲ
1161 303 1325 352 λοιποὺς
1352 308 1424 357 λη-

47 375 127 424 ρεῖν
158 368 362 423 ἐάσωμεν,
393 374 592 422 quinquies
632 374 758 411 redire
787 375 824 410 in
854 381 931 412 tam
959 376 1088 422 paucis
1117 376 1285 424 paginis,
1316 389 1348 412 c.
1381 381 1423 414 8.

49 443 115 478 10.
150 444 216 479 16.
248 445 316 479 26.
349 445 417 479 29.
453 448 489 478 et
520 443 557 477 in
595 441 767 490 dialogo,
809 442 859 479 ad
889 443 1201 491 ostentationem,
1243 449 1285 480 ut
1322 443 1426 480 vide-

44 514 128 557 tur,
159 509 231 559 τῆς
254 503 492 560 Ῥητῃρικῆς
522 504 728 557 δυνάμετιις
757 507 993 557 composito,
1032 511 1118 558 quis
1147 511 1272 548 serat?
1310 508 1425 548 Crea-

43 576 154 613 tionis
181 574 356 615 Universi
385 576 543 613 historia
584 577 665 622 bis,
704 590 735 613 c.
772 581 838 614 13.
870 584 906 613 et
938 581 1003 615 17.
1046 577 1182 616 iisdem
1220 578 1301 615 sere
1339 591 1424 616 ver-

43 643 126 690 bis,
156 644 260 681 nulla
291 651 446 693 cogente
475 645 718 693 necessitate,
758 650 942 682 narratur.

126 709 273 750 XXV.
303 710 472 749 Historia
503 726 613 759 porro
643 711 690 749 de
715 710 915 760 Neptuno,
953 714 1128 760 precibus
1167 713 1424 762 lacrimisque,

42 776 179 817 lilartis
208 780 246 816 in
276 779 459 816 adulterio
489 778 714 827 deprehensi
746 780 1009 817 liberationem
1038 781 1272 829 impetrante,
1314 795 1348 819 c.
1381 785 1421 819 6.

43 860 156 895 quam
186 860 325 894 quaeso
352 847 530 894 impedita
558 853 635 894 est,
678 860 788 895 qnam
819 861 839 884 a
868 846 1030 885 Luciani
1058 848 1238 886 facilitate
1279 845 1420 886 aliena!

43 911 211 952 Blarteni
233 916 333 952 enim
354 914 678 952 indissolubilibus
706 927 793 951 cum
808 912 962 952 Venere
987 915 1143 952 vinculis
1171 917 1423 963 constrictum,

0 969 1 1010 Ῑ
41 983 274 1031 reliquisque
300 980 387 1019 Diis
429 988 583 1029 propter
621 981 845 1020 adulterium
884 995 974 1030 prae
1020 981 1163 1030 pudore
1210 983 1423 1032 silentibus,

41 1051 227 1098 equestris
255 1047 452 1098 Neptunus
477 1050 664 1087 liberavit.
724 1049 849 1101 Quam
879 1050 946 1087 illa
975 1049 1111 1087 deinde
1152 1050 1268 1088 taedii
1309 1051 1424 1099 plena

41 1123 80 1155 et
124 1131 147 1155 a
183 1118 491 1155 muliercularum
536 1119 810 1155 narrationibus
863 1130 937 1153 non
985 1115 1190 1155 abhorrens
1227 1119 1422 1167 repetitio:

42 1181 213 1223 ἐπέκειτο
245 1182 288 1222 δὲ
322 1185 378 1237 τῷ
403 1180 615 1238 ίΗφαίστῳ
647 1185 765 1223 λῦσαι
794 1181 862 1222 τὸν
881 1181 1012 1236 Ἄρεα.
1061 1181 1108 1223 τὸ
1149 1182 1193 1223 δὲ
1231 1181 1422 1238 ἀμφίχαι-

41 1253 113 1290 λον
138 1253 257 1290 τοῦτο
298 1247 527 1300 δαιμόνιον,
571 1251 767 1304 οἰκτεῖραι]
804 1249 872 1290 τὸν
914 1247 1141 1304 πρεσβύτην
1181 1249 1306 1302 θεὸν,
1348 1250 1420 1292 τὸν

32 1314 132 1371 ’Άρη
164 1316 510 1370 ἀπηλευθέρωσεν.
569 1319 614 1358 In
652 1320 749 1369 illo,
792 1334 826 1359 c.
871 1324 911 1358 8.
951 1318 994 1358 τί·
1027 1316 1073 1358 τὸ
1106 1316 1308 1371 χρήσιμον
1349 1320 1423 1371 τῆς

42 1383 265 1439 Γοργόνος,
309 1385 373 1424 καὶ
404 1385 446 1424 τί
470 1386 527 1440 τῷ
557 1382 699 1437 στήθει
729 1388 847 1426 τοῦτο
877 1381 902 1438 ἦ
936 1383 1015 1425 θεὰ
1058 1385 1306 1439 ἔπιφὲρεται;
1346 1402 1423 1426 vox

41 1455 161 1493 τοῦτο
192 1455 239 1492 ad
271 1449 452 1505 Γοργόνα
479 1455 543 1493 vel
573 1451 750 1506 κεφαλὴν
794 1463 873 1493 erat
903 1455 1113 1494 referenda.
1171 1453 1336 1504 Reliqua
1375 1454 1422 1493 de

43 1521 223 1572 Gorgone
252 1524 415 1560 narratio
444 1524 701 1571 ineptissima,
741 1529 783 1560 ut
820 1525 859 1560 in
904 1537 976 1573 qua
1005 1537 1074 1572 per
1101 1530 1263 1571 quatuor
1290 1536 1422 1562 versus

43 1585 144 1640 αὕτη
174 1591 317 1639 semel,
347 1585 497 1640 ταύτην
528 1597 586 1628 ter
614 1591 819 1641 repetitur,
851 1598 917 1641 et,
947 1604 1043 1640 quae
1072 1590 1279 1639 separanda
1303 1597 1422 1640 erant,

41 1658 239 1707 pueriliter
274 1659 492 1696 miscentur.
553 1657 665 1710 Quae
703 1659 774 1696 illa
810 1673 951 1708 quaeso
988 1660 1132 1696 insania
1186 1664 1268 1708 est,
1320 1657 1422 1707 quod

42 1724 209 1774 Triepho
249 1725 496 1763 introducitur
533 1739 615 1773 cap.
647 1729 686 1763 4.
730 1727 992 1775 jusjurandum
1035 1730 1214 1776 exigens,
1258 1725 1305 1764 de
1347 1739 1422 1763 non

41 1795 210 1832 nocitura
237 1795 310 1832 sibi
340 1791 480 1830 Critiae
510 1795 743 1844 narratione,
780 1801 819 1832 et
852 1796 886 1833 is
915 1801 1041 1832 tamen
1068 1795 1195 1833 statim
1223 1799 1308 1842 post
1343 1795 1422 1841 jus-

41 1861 242 1912 jurandum
271 1875 304 1899 c.
338 1865 405 1900 18.
437 1860 569 1899 eadem
599 1863 722 1899 omnia
757 1863 842 1901 vult
871 1864 1061 1911 experiri,
1103 1875 1199 1910 quae
1236 1863 1276 1899 in
1305 1859 1423 1898 Critia

42 1930 219 1969 viderat?
278 1928 384 1983 Quid
413 1929 461 1967 de
489 1929 560 1966 illo
594 1930 808 1966 existimem
838 1942 872 1967 c.
905 1933 972 1967 17.
1012 1927 1079 1966 καὶ
1117 1925 1193 1981 γὰρ
1230 1926 1294 1967 σοὶ
1324 1925 1424 1967 οἶκί-

45 1996 132 2036 διον
165 1991 508 2035 κατασκευάσαντι
535 2016 591 2023 —
621 1992 814 2034 οὐδέποτέ
853 2008 896 2034 σε
936 1993 1100 2033 διέλαθε
1138 2009 1174 2034 κ.
1205 2009 1242 2035 τ.
1274 1996 1312 2034 λ.
1343 1995 1424 2033 dixi

44 2065 92 2103 ad
120 2066 244 2113 ipsum
272 2065 412 2101 locum.
473 2061 611 2100 Statim
639 2064 812 2110 sequitur
852 2076 935 2111 cap.
968 2067 1035 2102 18.
1076 2057 1182 2100 πάνυ
1217 2054 1259 2100 εὗ
1301 2059 1423 2114 λέγεις

45 2129 117 2170 καί
151 2145 200 2180 με
241 2125 519 2182 ἀντιστρόφως
559 2130 631 2179 τῆς
669 2125 828 2180 Νιόβης
862 2131 1036 2180 παθεῖν,
1074 2131 1139 2168 ubi
1179 2133 1322 2178 ποιεῖς,
1361 2129 1424 2167 vel

45 2199 193 2249 simile,
225 2205 281 2236 est
310 2199 504 2236 omissum.
563 2195 704 2235 Parum
746 2199 861 2235 etiam
897 2196 1098 2247 Atticum,
1137 2196 1209 2235 hoc
1249 2203 1307 2234 est
1334 2195 1424 2234 Lu·-

46 2269 242 2315 cianeum,
283 2265 382 2304 illud
411 2271 491 2311 est,
535 2265 636 2312 quod
664 2265 864 2314 aliquoties
894 2267 944 2313 (c.
976 2269 1044 2303 21.
1073 2271 1152 2313 ter,
1184 2278 1216 2302 c.
1249 2267 1318 2303 25.
1350 2271 1422 2314 ter,

47 2349 81 2373 c.
116 2338 182 2372 26.
213 2336 367 2382 quater)
412 2346 495 2369 cum
532 2333 674 2369 neutris
713 2332 953 2381 pluralibus,
990 2346 1066 2370 non
1104 2333 1295 2382 singulare
1339 2346 1424 2370 ver-

46 2403 136 2440 bum
152 2429 164 2451 ,
194 2401 263 2439 sed
291 2400 440 2449 plurale
469 2400 710 2437 construitur.
770 2398 880 2451 Quae
908 2399 1088 2438 hacteuus
1115 2413 1136 2437 a
1176 2400 1284 2437 nobis
1311 2400 1423 2437 allata

48 2475 157 2518 sunt,
195 2469 343 2517 singula
386 2468 482 2504 forte
510 2467 549 2503 in
580 2468 742 2514 optimae
771 2469 884 2505 etiam
913 2475 1048 2515 notae,
1093 2469 1226 2515 optimi
1263 2468 1425 2504 auctoris

51 2537 190 2584 scripto
219 2549 331 2587 posse
361 2548 580 2583 occurrere,
610 2536 774 2584 longiori
803 2538 1047 2584 praesertim,
1080 2549 1155 2574 uon
1182 2547 1300 2583 nego:
1337 2547 1424 2581 pos-

50 2605 123 2642 sim
153 2605 253 2656 enim
284 2616 397 2652 quam
422 2603 600 2650 plurimis
641 2605 1050 2652 praestantissimortun
1085 2602 1279 2640 hominum
1318 2601 1425 2650 locis,

51 2672 117 2709 ubi
145 2672 315 2720 ipsorum
343 2669 508 2709 humano
537 2684 688 2722 errore,
716 2672 859 2722 (neque
887 2685 978 2711 vero
1006 2671 1248 2710 librariorum
1276 2682 1427 2719 semper
