1768 3125
261 177 328 207 1N
364 174 734 209 coNv1v1u1v1
773 176 886 206 sau
924 175 1265 209 ιΑΡιΤΗΛε.
1356 164 1451 208 359

78 296 276 345 exempla,
305 309 400 344 quae
429 309 497 344 pro
530 310 707 344 --wmq⁹
737 309 758 334 a
790 293 941 344 πίπτω,
968 295 1129 346 faciunt,
1159 298 1252 334 sisto
1277 295 1449 346 gradum,

78 370 115 401 et
164 366 240 412 jam
279 363 358 401 fere
394 365 524 401 malim
566 363 663 401 nihil
707 376 819 411 supra
857 371 1045 412 mutasse,
1094 377 1316 412 quamquam
1353 363 1446 400 nihil

76 431 171 469 adeo
208 438 423 480 peccatum,
465 445 549 469 cum
590 429 869 476 ἒπαιςέπαισαν
899 433 948 469 sit
976 432 1225 479 aptissimum.
1281 430 1341 468 At
1370 430 1447 470 vid.

75 497 198 546 Epist.
239 496 319 536 Sat.
368 513 447 547 cap.
489 499 558 538 23.
603 499 703 537 med.
749 499 812 536 ubi
860 506 898 537 et
944 499 1258 549 παρειςπεσοῦσα
1295 500 1448 549 legitur,

76 565 176 614 quod
215 579 264 604 ex
292 565 416 604 Diod.
445 568 528 605 Sic.
563 568 616 604 ibi
657 567 791 615 firmo,
831 568 976 614 aliaque
1015 581 1036 604 a
1072 566 1200 604 πίπτω
1229 568 1448 617 composita,

73 632 254 671 irruendi
283 641 468 682 potestate
498 642 634 683 sumta,
666 634 807 671 adsero.
847 632 995 672 Rm‘rz.
1041 633 1195 672 Praeter
1223 633 1447 684 Kasterum,

93 701 261 739 *olanmn
289 708 325 739 et
340 701 576 750 Bet-glermn
607 701 654 739 ad
674 698 862 749 Alciplzr.
892 699 965 749 Ep.
992 699 1067 749 Ill,
1099 704 1166 740 55.
1195 702 1291 740 lianc
1320 716 1447 740 emen-

73 769 261 807 dationem
312 768 572 815 ἐπειςέπαισεν
621 769 734 806 etiam
776 766 1092 806 IIemsterlmsz'us
1147 769 1193 806 ad
1237 767 1445 819 Aristoph.

72 835 174 875 Plut.
204 851 241 874 v.
274 840 369 875 805.
399 851 437 885 p.
471 841 592 885 271„
622 835 786 873 Bastius
815 835 864 873 ad
897 837 1061 885 Gregor.
1093 837 1182 874 (ιόν.
1212 851 1250 884 p.
1283 840 1379 875 403.
1410 843 1447 875 et

72 903 292 956 Schiijerus
333 904 380 941 ad
414 903 512 941 hunc
545 903 709 952 (ἄνες-ον.
749 910 828 940 tum
866 905 1094 954 probarunt,
1138 911 1218 941 tum
1245 903 1447 941 admodum

71 972 300 1020 probabilem
336 971 591 1009 reddiderunt.
648 970 699 1008 Et
727 969 947 1023 Schitferus
985 971 1137 1021 quidem
1170 972 1333 1008 maxima
1362 984 1446 1008 cum

70 1040 328 1088 probabilitate
357 1039 403 1076 ad
432 1036 631 1077 Athenaei
658 1039 771 1080 verba
799 1046 977 1088 provocat
1008 1037 1120 1076 Tom.
1147 1037 1181 1076 I.
1209 1054 1247 1087 p.
1282 1043 1350 1078 28.
1390 1032 1447 1084 ὡς

70 1102 245 1157 ἀκλήτου
285 1104 576 1151 ἓπειςπαιόντος
614 1104 668 1152 εἷς
696 1103 747 1145 τὰ
777 1103 997 1157 συμπόσια.
1055 1106 1309 1146 Nihilominus
1338 1105 1445 1143 dubi-

69 1175 145 1212 tavi
182 1181 235 1211 tot
273 1175 311 1211 in
349 1175 442 1211 locis
471 1180 524 1211 tot
554 1176 850 1222 conspirantibus
875 1176 983 1213 libris
1012 1189 1033 1213 a
1061 1175 1222 1212 lectione
1252 1173 1444 1222 recedere,

69 1255 165 1289 quae
212 1255 281 1279 nec
327 1243 408 1290 ipsa
455 1255 523 1289 per
563 1255 604 1279 se
646 1239 807 1290 habeat,
860 1242 960 1291 quod
1002 1242 1140 1280 notioni
1179 1240 1444 1290 exprimendae

68 1316 276 1357 repugnet,
319 1323 387 1346 nec
425 1311 507 1346 sine
549 1309 674 1357 aliqua
713 1310 751 1347 vi
788 1311 827 1346 in
865 1310 1056 1346 nonnullis
1084 1310 1214 1347 formis
1240 1309 1376 1346 mutari
1405 1309 1444 1344 in

67 1377 225 1414 alteram
263 1377 462 1414 lectionem
491 1384 614 1424 queat.
673 1375 878 1414 Brevitatis
909 1390 1061 1425 caussa,
1099 1390 1195 1424 quae
1224 1375 1318 1412 mihi
1347 1376 1443 1424 leg-is

67 1445 186 1482 instar
222 1442 416 1493 habenda,
452 1458 614 1492 provoco
653 1451 797 1482 tantum
835 1444 883 1482 ad
909 1442 1122 1482 Anachars.
1164 1458 1197 1480 c.
1232 1448 1299 1481 33.
1330 1441 1441 1481 Τοιιι.

67 1510 163 1550 VII.
201 1527 239 1560 p.
274 1516 367 1550 183.
410 1510 532 1549 Dian.
561 1510 718 1550 Merett.
748 1509 857 1562 XV,
892 1516 932 1550 2.
972 1510 1082 1549 Tom.
1113 1509 1229 1549 VIII.
1256 1525 1294 1559 p.
1328 1514 1443 1560 261„

67 1580 131 1617 ubi
168 1579 326 1617 sortasse
356 1580 469 1617 etiam
497 1580 626 1627 paullo
655 1587 739 1618 ante
768 1594 836 1629 pro
867 1577 1120 1625 ἕπειςπαίσας
1147 1577 1241 1616 mihi
1271 1592 1292 1616 e
1319 1576 1441 1615 Codd.

67 1645 209 1685 Pariss.
252 1647 490 1684 scribendum
527 1648 650 1685 suerat
689 1643 938 1693 ἐπειςπεσών.
995 1644 1136 1684 Toxar.
1168 1659 1202 1684 c.
1230 1649 1298 1684 39.
1328 1643 1439 1682 Tom.

67 1713 143 1753 VI.
181 1729 220 1763 p.
249 1718 344 1753 109.
379 1715 506 1762 ibique
534 1721 684 1763 praeter
711 1722 860 1752 nostras
885 1714 1025 1752 adnott.
1056 1716 1170 1751 etiam
1199 1726 1294 1761 quae
1322 1711 1442 1750 Jaco-

67 1770 140 1821 bu}
174 1783 213 1820 in
241 1782 423 1830 peculiari
451 1784 534 1830 ejus
562 1783 684 1820 libelli
712 1782 875 1820 editione
904 1783 1117 1820 observavit
1142 1796 1181 1830 p.
1213 1785 1309 1819 123.
1368 1778 1440 1817 Ce-

66 1857 189 1889 terum
216 1849 302 1888 vide
331 1862 378 1886 an
407 1848 633 1887 discriminis
660 1850 803 1899 aliquid
831 1851 920 1888 insit
944 1851 984 1887 in
1012 1851 1210 1897 utriusque
1237 1848 1344 1886 verbi
1369 1860 1441 1884 usu

66 1924 103 1956 et
142 1923 274 1955 natura
309 1915 411 1953 haud
447 1917 544 1954 illud
574 1919 722 1956 omnino
751 1917 1030 1967 negligendiun.
1089 1915 1141 1954 Ut
1169 1917 1268 1953 enim
1296 1922 1442 1952 utrum—

65 1998 138 2034 que
176 1985 251 2023 vim
294 1983 444 2021 denotat
483 1985 660 2022 irruentis
698 1987 738 2022 in
777 1985 939 2032 aliquam
974 1997 1053 2021 rem
1093 1984 1156 2021 vel
1192 1983 1340 2030 locum,
1389 1983 1441 2018 ita

68 2049 300 2097 ἕπειςπαιέιν
328 2051 450 2099 magis
475 2053 714 2100 rusticitatis,
743 2052 976 2099 asperitatis,
1007 2051 1192 2100 ferociae,
1221 2049 1442 2098 importuni-

67 2120 177 2168 tatis,
214 2120 254 2155 in
293 2119 436 2166 impetu
474 2118 670 2167 faciendo,
718 2116 975 2163 ἔπειςπίπτειν
1015 2124 1140 2163 autem
1180 2116 1442 2166 inexspectati,

66 2186 286 2234 improvisi,
325 2185 559 2223 tumultuarii
597 2199 639 2223 ac
672 2186 843 2224 subitarii
870 2187 1060 2224 notionem
1087 2186 1285 2234 praecipue
1316 2185 1441 2232 expri-

65 2267 169 2292 mere
206 2252 367 2291 videtur.
426 2251 666 2305 Quamquam
703 2254 742 2290 in
783 2254 941 2302 singulis
980 2253 1132 2301 quidem
1159 2253 1255 2290 locis
1285 2251 1440 2288 difficile

65 2322 115 2359 sit
153 2321 323 2359 notiones
360 2320 446 2358 illas
476 2328 581 2358 acute
611 2334 806 2359 secernere
836 2334 1039 2371 earumque
1067 2321 1267 2359 discrimen
1295 2319 1440 2356 subtili-

64 2395 123 2426 ter
150 2401 192 2425 ac
220 2387 392 2426 distincte
420 2387 627 2426 declarare.
684 2386 827 2427 me.

149 2453 246 2493 ibid.
293 2450 340 2492 Ἀ
355 2451 644 2505 λκιὸάμας]
687 2455 757 2495 >De
802 2454 874 2494 hoc
921 2455 1013 2493 alibi
1060 2455 1166 2493 nulla
1204 2454 1342 2492 mentio
1383 2451 1438 2490 fit.

62 2521 217 2561 Sonam.
295 2520 374 2559 Nec
423 2522 470 2560 de
506 2521 713 2573 Pandam,
760 2523 896 2572 credo,
945 2523 1014 2561 illo
1061 2523 1159 2572 apud
1202 2518 1439 2569 Alcipkron.

65 2589 138 2639 Ep.
168 2589 254 2638 ΙΙΙ,
295 2591 360 2627 55.
401 2588 499 2629 Sunt
527 2592 628 2629 enim
654 2590 747 2630 haec
773 2591 861 2631 ficta
888 2591 1061 2639 nomina,
1103 2598 1144 2627 ut
1172 2601 1285 2637 saepe
1312 2588 1440 2626 obser-

64 2664 203 2697 vatum.
242 2655 384 2696 Lrum.
