1768 3125
344 197 735 230 PmLOPATP-tms
780 197 1138 229 mssERTA'rxo.
1334 184 1427 226 669

49 323 180 373 paullo
220 321 494 370 probabilitatis
530 320 688 370 gradum
727 319 927 368 accedant,
978 325 1016 357 et
1055 317 1149 356 nihil
1191 321 1429 367 caeteroquin

50 393 121 440 sit,
161 404 233 438 quo
274 391 482 437 sententia,
529 403 623 437 quae
662 387 733 426 hoc
769 388 881 426 m'odo
911 388 1109 436 probatur,
1150 388 1267 424 everti
1299 390 1430 436 possit.

133 455 299 495 XXXI.
337 456 457 505 Igitur
492 459 601 495 venio
644 456 794 494 tandem
845 455 893 494 ad
932 457 1107 493 ultimum
1145 469 1296 503 eorum,
1336 469 1432 503 quae

51 526 176 564 dicere
215 524 307 562 mihi
346 538 641 573 proposueram,
683 531 814 573 caput,
859 525 971 572 idque
1012 526 1050 561 in
1090 529 1167 560 tota
1205 522 1274 561 hac
1304 523 1434 572 ‹lispu-

51 596 192 632 tatione
230 594 484 642 praecipuum.
544 591 690 641 Nempe
728 594 797 631 sub
826 591 968 630 Juliani
1005 591 1077 629 τοῦ
1118 589 1158 628 ἐν
1189 588 1350 640 ἀθέοις,
1392 598 1435 629 ut

51 669 184 700 vocant
211 663 351 710 nostri,
395 663 458 699 vel
487 659 706 710 Apostatae-
727 662 911 709 imper-io,
949 667 987 698 et
1016 674 1060 698 eo
1090 659 1243 707 quidem
1269 666 1436 707 tempore

53 732 237 777 scriptum·
272 732 332 777 ajo
362 727 680 778 Philopatridem,
723 742 806 766 cum
846 730 1011 777 primum
1051 729 1208 764 nuncius
1248 728 1293 765 (le
1335 728 1436 765 felici

53 797 302 845 expeditionis
357 796 530 836 Persicae
584 810 760 836 successu
817 794 1165 843 Constantinopolin
1224 795 1436 834 afferretur.

55 863 245 912 Scriptum
287 870 411 902 autem
449 879 471 903 a
509 866 642 915 gentili
671 864 845 911 homine,
886 864 984 901 sorte
1012 862 1208 912 Luciano,
1257 862 1437 911 Sophista

46 939 92 970 -et
127 933 233 980 ipso,
275 929 469 970 Lucianeo
509 939 608 970 certe
647 946 775 980 more,
817 932 881 979 qui
913 929 1210 968 Christianorum
1250 932 1438 969 ominibus

53 999 447 1048 praedictionibusque
494 1000 686 1048 explosis,
737 998 961 1047 Imperatori
1009 1000 1203 1036 victoriam
1250 997 1440 1036 Persicam

53 1068 288 1116 gratulatus,
319 1068 451 1105 felices
480 1081 592 1115 porro
622 1078 849 1115 successus,
868 1068 1117 1114 victoriasque
1146 1067 1440 1105 innumerabiles

49 1143 290 1183 appi-ecetur.
349 1133 447 1172 Cum
482 1137 645 1183 primum
684 1135 756 1172 ista
791 1141 877 1172 ante
913 1132 1151 1172 xxxflannos
1178 1146 1441 1183 proponerem,

56 1202 262 1250 faciebam,
303 1202 405 1251 quod
443 1209 605 1240 aetatem
643 1209 681 1241 et
721 1202 970 1240 conditionem
1010 1216 1132 1240 meam
1170 1201 1347 1251 decebat,
1388 1203 1443 1239 uti

57 1270 279 1318 deprecarer
326 1271 505 1309 invidiam
553 1271 727 1308 novitatis
775 1271 876 1319 apud
914 1268 1163 1319 -Theologos,
1213 1271 1279 1318 qui
1327 1269 1444 1307 fidem

56 1335 405 1376 Ante-Nicaenam
444 1340 566 1377 solent
604 1352 654 1375 ex
689 1337 759 1376 hoc
797 1338 947 1387 dialogo
982 1338 1193 1375 ostendere.
1252 1337 1339 1375 Hoc
1365 1339 1445 1386 jam

58 1420 152 1454 opus
195 1419 280 1444 esse
319 1420 394 1444 non
433 1413 537 1455 puto.
597 1404 681 1444 Nisi
717 1407 818 1444 enim
854 1412 958 1443 actus
990 1402 1048 1443 vtot
1080 1407 1186 1443 annis
1220 1405 1377 1443 docendi
1407 1412 1446 1444 et

57 1473 208 1511 vivendi
246 1480 354 1510 tenor
385 1487 446 1511 me
483 1475 699 1523 purgaverit
729 1473 812 1523 his,
851 1474 984 1522 quibus
1015 1474 1254 1521 messprobari
1284 1479 1445 1522 oportet,

57 1541 197 1578 frustra
239 1543 389 1578 veniam
429 1541 691 1578 mellitissimis
732 1543 845 1579 etiam
884 1542 1012 1579 verbis
1040 1541 1243 1589 postulem.
1314 1540 1446 1593 Quare

59 1610 185 1648 Statim
215 1608 260 1645 ad
287 1608 541 1657 probandum,
573 1609 674 1657 quod
703 1611 876 1658 suscepi,
905 1609 1139 1657 progrediar.

144 1674 331 1713 XXXII.
369 1675 537 1713 Primum
575 1684 700 1714 autem
728 1677 828 1714 illud
857 1678 1075 1714 meminisse
1104 1683 1167 1724 te,
1208 1678 1261 1713 mi
1288 1675 1447 1727 Lector,

60 1743 201 1792 velim,
241 1756 356 1791 supra
394 1744 588 1792 probabile
629 1744 829 1783 admodum
868 1745 1009 1782 factum
1047 1757 1068 1781 a
1107 1745 1216 1781 nobis
1253 1758 1364 1794 esse,
1409 1746 1449 1782 in

62 1808 296 1848 Constantini
325 1811 440 1859 urbe,
479 1825 574 1859 quae
603 1814 680 1860 jam
708 1819 788 1850 tum
817 1813 869 1850 ita
894 1818 1114 1860 vocaretur,
1153 1814 1333 1860 scriptum
1362 1826 1449 1851 esse

60 1876 373 1926 Philopatridem.
441 1876 551 1915 Nune
599 1879 811 1917 addendum
858 1879 929 1916 hoc
967 1885 1049 1927 est,
1100 1892 1291 1927 nunquam
1333 1893 1448 1917 ausu-

61 1959 146 1983 rum
173 1946 293 1983 fuisse
321 1945 503 1994 gentilem
532 1945 746 1996 hominem,
779 1946 994 1985 Christiano
1024 1945 1282 1995 Imperatore,
1314 1947 1448 1984 acerbe

63 2013 156 2051 adeo
187 2010 447 2061 Christianos,
491 2019 528 2050 et
564 2014 767 2061 scripturas
798 2013 975 2051 divinitus
1003 2014 1112 2051 nobis
1140 2013 1295 2050 traditas
1323 2014 1450 2051 tradu-

59 2094 172 2128 cere,
222 2086 260 2117 et
288 2079 508 2117 ‚deridiculo
554 2080 898 2129 delectamentoque
944 2082 1016 2118 sibi
1058 2080 1222 2129 habere,
1277 2095 1320 2119 ac
1358 2082 1449 2120 fecit

65 2147 178 2196 hujus
216 2147 358 2196 dialogi
395 2153 535 2184 auctor.
605 2146 717 2185 Licet
746 2150 845 2185 enim
874 2162 947 2186 non
977 2150 1014 2186 vi
1044 2156 1155 2196 atque
1184 2149 1380 2196 suppliciis
1410 2150 1450 2186 in

66 2215 253 2265 gentiles,
283 2216 317 2252 si
347 2216 472 2262 quiete
501 2215 596 2253 alias
626 2228 666 2253 se
694 2223 894 2266 gererent,
928 2216 1259 2254 animadverterint
1285 2222 1451 2255 sanctam

57 2289 234 2320 -nostram
261 2281 378 2319 fidem
406 2282 571 2330 amplexi
599 2280 850 2331 Imperatores
863 2287 920 2333 a),
960 2285 1026 2322 vix
1055 2292 1180 2323 tamen
1207 2283 1246 2320 id
1274 2283 1451 2321 videntur

68 2351 187 2388 fuisse
225 2351 395 2399 passuri,
439 2355 480 2386 ut
517 2356 644 2397 aperte
687 2353 772 2399 quis
808 2351 923 2388 ‘illam
961 2353 1137 2390 conviciis
1178 2351 1450 2400 proscinderet.

70 2417 114 2456 Si
152 2419 253 2455 enim
282 2417 417 2465 capital
445 2430 528 2454 esse
556 2419 745 2464 jusserunt
775 2417 1038 2468 Constantius,
1069 2418 1332 2468 Theodosius,
1372 2418 1451 2457 Im-

69 2492 264 2534 peratores
293 2485 382 2531 alii,
421 2485 455 2521 si
484 2484 568 2532 quis
597 2486 730 2534 gentili
757 2487 832 2524 ritu
862 2486 1112 2536 sacrificaret,
1152 2493 1215 2524 aut
1243 2485 1451 2534 haruspici-

64 2546 158 2591 'nam
195 2558 388 2590 exerceret
400 2549 463 2601 1));
517 2553 551 2589 si
591 2554 710 2601 capite
747 2554 978 2603 puniendum
1007 2568 1185 2594 censuere
1214 2552 1451 2592 Theodosius

118 2639 153 2680 a)
178 2640 261 2674 vid.
286 2641 327 2673 L.
353 2642 387 2673 6.
415 2639 501 2674 Cod.
527 2640 570 2673 de
593 2643 731 2684 paganis
753 2648 786 2675 et
807 2644 995 2679 sacrificiis.

119 2695 158 2737 b)
187 2697 266 2733 vid.
289 2699 342 2731 tit·
373 2697 462 2731 Cod.
488 2697 531 2733 de
553 2699 700 2742 paganis.
