1768 3125
291 158 379 189 IN
447 158 552 189 DE
622 157 891 190 SYRIA
963 159 1153 190 ΒΕΑ.
1347 144 1440 186 389

74 293 186 327 quam
215 285 252 317 et
281 273 362 333 ὁδῷ
387 277 479 317 ibid.
509 279 638 328 paullo
669 286 753 317 ante
779 278 964 329 legimus,
993 284 1031 317 et
1060 273 1154 317 ὃᾶὸν
1183 279 1230 316 ob
1260 279 1443 326 praemis-

74 360 157 385 sum
187 342 232 384 οὐ
262 345 468 395 euphoniae
497 360 626 385 caussa
652 346 714 385 hic
742 347 906 396 melius3
941 353 1051 395 atque
1091 347 1129 383 in
1157 346 1294 383 talibus
1323 346 1443 383 varia-

74 421 134 451 tur
160 420 236 451 tam
265 415 416 463 crebro,
455 421 496 452 ut
532 417 698 464 suspicio
724 417 797 465 sit,
838 422 1041 463 utrumque
1082 415 1260 451 usitatum
1299 413 1441 462 fuisse3

74 481 154 528 (ubi
193 488 316 520 tamen
352 482 492 531 aliquid
534 484 672 521 centies
711 483 818 520 aliter
847 489 1039 521 exaratum
1068 483 1245 528 invenio,
1289 495 1331 518 ac
1369 481 1442 530 bis,

72 555 129 586 ter
157 549 202 586 ab
229 562 274 586 eo
317 564 532 600 recessum,
574 552 626 588 ibi
667 551 874 589 scribarum
902 550 964 588 vel
992 549 1178 587 editorum
1215 549 1444 598 negligentia

70 615 199 654 forsan
224 618 263 654 in
292 617 400 666 culpa
430 625 510 665 est,
548 619 665 656 veluti
704 619 792 667 plus
818 619 959 655 centies
990 614 1075 669 ἱρὸν
1104 618 1144 654 iu
1172 615 1330 654 Herod.
1370 616 1443 664 bis,

70 689 129 721 ter
155 690 280 722 tamen
308 681 442 737 ἱερόν.)
500 684 557 724 Ita
586 686 667 724 sere
696 698 814 733 aeque
833 684 1051 733 frequenter
1074 680 1198 736 ὀρέων
1221 691 1259 722 et
1278 680 1442 734 οὐρέων.

70 751 169 799 apud
197 751 355 791 Herod.
384 752 495 791 Prius
524 753 600 792 vid.
629 752 682 792 II.
715 758 808 792 102.
847 752 899 790 D.
942 758 979 790 et
1005 755 1098 790 103.
1129 749 1181 788 Β.
1212 765 1254 789 ac
1284 749 1332 790 G.
1371 751 1443 789 bis.

70 817 251 857 Altertun
277 818 331 858 Π.
366 825 461 860 103.
493 820 548 861 D.
578 822 650 860 bis.
708 819 805 859 Item
846 822 938 858 104.
984 816 1037 857 A.
1068 825 1105 856 et
1132 816 1209 857 IV.
1252 818 1321 856 sub
1361 819 1442 856 init.

70 899 119 924 ne
157 888 279 935 plura.
336 885 482 927 Misera
530 890 630 927 enim
676 887 769 926 haec
808 893 865 926 est
903 887 1099 936 diligentia
1136 887 1176 923 iu
1214 883 1299 934 his,
1348 898 1445 933 quae

70 955 192 992 inanis
221 961 364 993 tantum
394 963 480 994 suut
509 969 636 1003 sonus,
667 955 716 994 ad
744 956 978 994 intellectum
999 953 1095 992 nihil
1113 954 1267 991 faciunt.
1296 950 1443 990 Rmrz.

155 1021 243 1061 ead.
282 1023 310 1062 ἶ.
344 1028 411 1062 12.
445 1018 576 1076 Ἱρὸν
610 1020 943 1077 Ἀφροδίτης]
988 1020 1218 1059 Libanitidis
1256 1026 1371 1069 puto,
1411 1032 1444 1058 s.

69 1088 343 1140 Aphacitidos,
369 1091 416 1129 de
447 1105 520 1140 qua
548 1091 595 1129 ad
624 1092 798 1129 libellum
826 1089 933 1129 Adv.
963 1089 1108 1127 Indoct.
1151 1102 1231 1137 cap.
1265 1093 1304 1126 3.
1336 1085 1442 1125 Add.
1484 1124 1486 1126 .

69 1157 226 1196 Selden.
266 1159 313 1197 de
341 1158 414 1198 Dis
454 1157 546 1212 Syr.
586 1158 639 1207 II,
669 1162 706 1197 4.
749 1173 807 1207 pr.
866 1156 1026 1205 Aphaca
1063 1159 1160 1194 inter
1197 1154 1369 1205 Byblum
1407 1160 1446 1192 et

68 1224 291 1274 Heliopoliu
320 1228 415 1276 sita,
443 1228 536 1265 satis
564 1233 720 1264 constat.
778 1224 864 1263 Hoc
900 1226 1014 1262 etiam
1058 1237 1142 1262 cum
1168 1221 1282 1271 hujus
1312 1228 1444 1259 aucto-

69 1294 124 1330 ris
152 1295 286 1332 itinere
313 1293 469 1342 pulchre
497 1295 691 1341 convenit,
731 1294 795 1341 qui
824 1291 953 1342 Byblo
983 1293 1084 1331 venit
1112 1292 1150 1329 in
1177 1289 1367 1328 Libanum
1395 1288 1443 1327 ad

68 1359 142 1399 hoc
170 1362 378 1411 templum,
405 1361 493 1399 hinc
520 1360 760 1409 Heliopolin.
820 1359 947 1398 GEsN.

153 1427 250 1467 ibid.
293 1425 570 1482 Κινύρης]
612 1428 711 1481 Quis
750 1428 818 1466 ille
849 1426 1040 1478 Cinyras?
1098 1425 1333 1476 Myrrhaene
1371 1436 1443 1472 pa-

69 1503 153 1545 ter,
191 1510 262 1535 rex
291 1495 470 1547 Cyprius.
528 1497 624 1536 Vid.
655 1496 768 1535 Rhet.
811 1494 942 1533 Praec.
982 1509 1016 1533 c.
1048 1500 1115 1533 11.
1159 1491 1310 1531 SOLAN.
1364 1490 1443 1541 Cy-

69 1565 173 1612 prius
202 1577 292 1601 sane
321 1572 379 1602 est
416 1566 506 1614 ille,
541 1572 647 1613 pater
677 1563 869 1602 Adonidis
902 1576 924 1600 e
954 1562 1041 1600 filia
1070 1560 1249 1611 Illyri-ha.
1307 1558 1445 1598 Narrat

68 1632 233 1669 fabulam
265 1630 380 1670 Ouid.
409 1631 505 1670 Met.
537 1631 592 1680 X,
625 1636 721 1670 298.
750 1644 807 1679 sq.
849 1628 1059 1680 Assyrium
1093 1635 1221 1667 autem
1259 1627 1443 1677 Cinyram

69 1700 209 1737 faciunt
237 1701 349 1737 etiam
377 1699 552 1750 Hygia„
581 1699 656 1739 fab.
691 1703 756 1737 58.
787 1704 825 1736 et
854 1701 950 1736 242.
992 1704 1029 1735 et
1057 1695 1297 1747 Apollodor.
1335 1693 1441 1733 Bibl.

68 1766 121 1806 L.
148 1765 222 1804 III.
264 1765 407 1805 LEHM.

153 1833 241 1872 ead.
264 1835 292 1872 l.
318 1839 384 1874 15.
407 1832 627 1880 Δοκέει]
651 1832 710 1871 Ita
732 1840 833 1872 recte
844 1831 919 1871 W.
941 1832 986 1871 In
1004 1833 1076 1872 rel.
1101 1829 1261 1870 δοκέειν.
1287 1828 1439 1867 SoLAN.

67 1897 177 1950 Ἐμοὶ
208 1899 358 1952 δοηὲει]
392 1901 452 1940 Cf.
483 1915 596 1950 supra
625 1901 672 1939 ad
699 1915 732 1939 e.
767 1906 804 1939 1.
845 1900 896 1938 Et
925 1902 957 1939 si
999 1900 1090 1949 quid
1129 1899 1348 1948 probatione
1382 1897 1440 1934 in-

71 1969 199 2018 diget,
228 1970 306 2008 vid.
337 1968 534 2009 Iierodot.
559 1967 636 2007 IV.
668 1969 738 2007 sub
766 1970 849 2006 init.
879 1967 947 2018 μοὶ
979 1965 1106 2005 δοκέει,
1133 1961 1230 2011 τόξα
1254 1966 1442 2014 μετεῖναι.

70 2035 218 2074 ΒΕΙΤΖ.

154 2101 244 2141 ead.
273 2103 300 2140 l.
333 2107 372 2141 3.
404 2102 638 2151 Μεῖζον]
669 2102 790 2141 Immo
818 2100 936 2151 μέζον
966 2115 1048 2140 cum
1071 2098 1229 2139 Herod.
1260 2098 1313 2137 Π.
1347 2102 1442 2138 105.

72 2168 128 2208 A.
159 2177 196 2208 et
222 2170 352 2208 crebro
388 2170 497 2219 alibi,
536 2177 580 2209 ut
619 2170 795 2208 indicabit
823 2169 964 2208 Maitt.
1004 2169 1052 2206 de
1082 2168 1186 2206 Dial.
1224 2181 1310 2216 pag.
1346 2170 1440 2206 113.

73 2236 123 2275 Et
152 2237 306 2276 Noster.
336 2238 420 2286 ipse
449 2252 530 2287 cap.
564 2242 631 2277 12.
670 2245 708 2277 et
740 2242 805 2277 19.
834 2238 864 2276 f.
922 2235 1069 2274 Rssrrz.

157 2304 260 2353 Pag.
291 2308 358 2343 87.
385 2305 415 2344 l.
447 2311 486 2345 2.
512 2300 710 2358 Ἶόρώει
747 2300 807 2356 ys}
821 2307 868 2358 ρ]
911 2303 974 2343 De
1006 2303 1066 2342 his
1094 2303 1298 2352 imaginum
1328 2302 1442 2340 sudo-

72 2372 178 2410 ribus
206 2370 365 2421 Joseplz.
393 2372 574 2422 Scaliger
608 2372 657 2411 acl
690 2372 838 2411 Tibull.
882 2372 950 2411 lib.
989 2370 1042 2410 Π.
1081 2378 1118 2409 et
1146 2370 1256 2408 Dan.
1298 2369 1441 2407 Heins-

74 2439 122 2477 ad
156 2439 231 2477 Sil.
272 2439 368 2477 Ital.
410 2438 570 2479 Bonan.
629 2438 743 2479 Aljas
769 2442 877 2493 „inter
903 2440 1073 2489 prodigia
1101 2440 1263 2488 ingentis
1289 2438 1441 2474 calami-

73 2508 161 2544 tatis
200 2506 367 2544 habitum
403 2508 546 2556 fuisse,
592 2508 625 2545 si
662 2507 834 2546 Deormn
872 2508 1069 2545 simulacra
1109 2507 1312 2553 sudarent,
1361 2504 1441 2542 vid.

74 2575 247 2623 pluribus
275 2575 475 2612 indicatum
503 2576 548 2612 ab
585 2575 628 2613 J.
656 2576 769 2615 Elsn.
808 2576 856 2614 ad
885 2574 1032 2624 Evang.
1070 2573 1170 2613 Luc.
1201 2571 1344 2623 XXII,
1374 2575 1442 2610 44.

74 2642 176 2691 quod
204 2649 328 2681 tamen
355 2644 499 2682 caussis
526 2644 755 2683 naturalibus
784 2645 847 2683 vel
875 2643 1012 2682 tribuat
1039 2640 1121 2680 Cic.
1156 2641 1203 2678 de
1231 2640 1360 2680 Divin.
1391 2638 1444 2679 ΙΙ.
