1768 3125
193 175 262 207 IN
299 176 683 211 cONv1v1uM
719 175 835 208 SEU
873 175 1218 211 LAPITHAS.
1332 168 1425 210 377

52 296 210 335 suadent
248 298 321 335 ista
350 295 549 335 Athenaei
575 298 713 336 verba:
752 293 956 349 ΖΠαττύην
999 295 1196 337 ἐκέλευσεν
1236 296 1426 352 εἶςφὲρειν

51 360 248 402 Arimazi
278 378 356 411 τις·
395 363 460 402 καὶ
502 362 654 412 εὐθέως
694 363 941 418 περιεφέρετο
982 365 1162 418 περδίκια
1203 363 1327 418 ὀλίγα,
1358 367 1424 406 καὶ

46 431 169 483 χηνιά
200 429 324 481 ὀπτὰ,
365 431 430 470 καὶ
471 430 603 485 τρυφὴ
621 429 908 472 πλακούντων.
966 433 1090 472 Vides
1119 434 1180 472 hic
1205 436 1244 473 in
1273 433 1424 485 Mattya

50 499 242 549 perdices,
279 501 493 539 anserculos
524 514 654 549 assos,
694 502 907 550 placentas:
947 502 1045 549 apud
1074 502 1294 540 Luciamem
1331 502 1425 541 haec

49 567 179 615 paullo
208 569 395 617 auctiora,
429 576 468 606 ut
496 570 535 605 in
563 569 798 607 solemnitate
817 571 1043 617 nuptiarum.
1103 569 1303 608 Caeterum
1324 570 1425 619 quod

49 635 189 684 legitur
217 636 315 684 apud
342 635 591 675 sltlzenaeum
619 633 751 689 τρυφὴ
797 632 1080 686 πλακούντων,
1121 645 1158 676 et
1197 641 1425 677 convertitur

43 702 316 751 placentarum
344 704 541 752 lauticiae,
570 718 645 742 non
673 703 868 742 videbatur
895 703 989 741 mihi
1019 718 1287 754 usquequaque
1316 719 1425 744 accu-

47 776 197 820 ratum,
247 771 522 820 legendumque
559 772 736 821 putabam
775 766 910 824 τρύφη
952 767 1235 822 πλακούντων,
1275 774 1424 826 frusta

41 837 329 886 placentarum.
390 838 520 878 GEsN.

133 904 221 943 ead.
252 906 282 944 l.
317 910 383 945 17.
411 902 584 956 ’Ῑχθύς
612 903 665 945 ἐκ
693 899 956 957 ταγήνου]
998 904 1152 956 Insigne
1189 907 1421 959 exemplum,

46 978 90 1009 ut
129 985 235 1011 error
266 974 385 1011 soleat
422 975 575 1023 augeri,
627 980 665 1012 et
712 974 881 1022 quotidie
930 975 1172 1013 invalescere.
1241 973 1424 1014 Verterat

45 1038 240 1080 Erasmus
260 1043 385 1091 piscis
416 1041 653 1091 Tagem'cus.
712 1039 759 1079 Id
796 1042 929 1080 eodem
957 1042 1070 1081 modo
1110 1043 1266 1080 retinuit
1292 1042 1425 1081 Bene-

45 1106 198 1147 dictus.-
239 1110 308 1148 sed
347 1123 395 1147 ue
435 1110 525 1158 qnid
564 1110 736 1159 deesset,
789 1124 886 1148 nunc
926 1110 1035 1149 video
1072 1112 1112 1148 in
1151 1110 1221 1148 hac
1258 1111 1422 1149 editione

48 1173 234 1214 Graecam
263 1191 391 1215 vocem
421 1185 648 1225 postremam
674 1192 822 1226 quoque
851 1179 1015 1226 incipere
1047 1178 1092 1215 ab
1131 1179 1340 1226 majusculo
1371 1177 1420 1217 T.

45 1242 219 1283 Habeant
246 1243 318 1282 hoc
347 1252 384 1283 et
411 1245 606 1294 fruantur,
636 1246 770 1293 quibus
798 1246 939 1294 placet:
980 1258 1049 1282 nos
1078 1258 1273 1283 censemus
1302 1247 1420 1283 inter-

45 1312 268 1360 pretandum
290 1314 415 1361 piscis
437 1327 494 1350 ex
517 1314 730 1361 sartagine,
761 1313 861 1361 quod
890 1327 963 1350 non
991 1312 1103 1350 modo
1124 1313 1281 1360 probant
1300 1314 1419 1351 multa

46 1380 285 1428 antiquorum
313 1381 546 1430 fragmenta,
577 1380 646 1418 sed
674 1379 861 1428 hodieque
888 1383 999 1418 etiam
1029 1381 1163 1429 placet.
1221 1380 1361 1420 GRON.

125 1446 222 1485 ibid.
260 1443 535 1499 Ταγήνου]
581 1446 647 1486 Sic
684 1450 722 1485 iu
757 1451 866 1497 impr.
910 1456 948 1486 et
986 1450 1024 1485 in
1065 1455 1170 1486 textu
1209 1447 1304 1487 cod.
1337 1447 1419 1487 Ox.

45 1512 125 1552 Sed
152 1515 198 1552 ab
237 1514 370 1553 eadem
406 1529 519 1553 manu
556 1517 779 1565 rescriptum
805 1523 862 1554 est
892 1511 1090 1566 τηγάνου,
1121 1516 1220 1565 quod
1247 1518 1287 1555 in
1319 1517 1417 1556 Goll.

46 1583 158 1621 etiam
186 1583 339 1632 legitur.
399 1581 494 1620 Vid.
524 1581 693 1631 Lexiph.
723 1597 757 1621 c.
789 1587 828 1621 6.
888 1583 1047 1621 SOLAN.

128 1648 223 1687 ibid.
255 1648 357 1687 Καὶ
400 1645 497 1688 ὅσα
526 1649 829 1703 ἐντραγεῖν]
870 1649 1042 1688 Bellaria
1080 1650 1184 1689 hisce
1231 1659 1415 1691 connotat.

47 1716 161 1768 Quod
199 1716 326 1766 addit,
364 1717 517 1756 licuisse
549 1721 663 1756 etiam
697 1719 888 1770 auferre,
937 1719 1157 1756 confirmant
1196 1733 1246 1757 ex
1284 1720 1417 1758 eodem

44 1785 127 1822 loca
153 1786 345 1833 sequentia
375 1783 573 1826 Cronosol.
602 1785 674 1824 N0.
709 1789 779 1825 17.
819 1786 979 1825 SoLAN.
1037 1785 1192 1825 Haecue
1222 1786 1418 1836 periphra-

45 1854 98 1890 sis
127 1853 207 1891 τῶν
235 1848 524 1903 τραγημάτων,
555 1867 587 1892 s.
617 1854 894 1892 bellariorum?
952 1851 1018 1891 Sic
1046 1861 1158 1902 puto,
1202 1861 1240 1891 et
1267 1856 1323 1893 sic
1358 1856 1418 1892 in-

45 1926 271 1969 terpretatus
296 1933 393 1958 sum.
451 1919 538 1959 Hoc
566 1921 724 1960 suadere
752 1922 899 1959 videtur
940 1923 1118 1959 orationis
1156 1923 1299 1971 series,
1343 1937 1417 1970 qua

45 1986 140 2026 haec
164 1988 279 2027 verba
318 1990 522 2037 junguntur
563 1990 820 2038 superioribus
837 2017 849 2038 ,
890 1995 928 2026 et
965 1989 1010 2026 ab
1039 1990 1280 2036 sequentibus
1306 2003 1416 2037 sepa-

44 2062 186 2094 rantur.
244 2054 289 2093 Si
327 2054 398 2092 hoc
436 2056 619 2094 voluisset
656 2055 883 2105 Lucianus‚
923 2056 1022 2104 quod
1065 2055 1257 2094 Erasmus
1291 2056 1415 2095 dedit:

46 2137 294 2174 quaecunque
339 2121 503 2160 liberum
545 2132 600 2161 est
612 2152 627 2170 ,
667 2138 734 2161 seu
763 2123 857 2160 velis
890 2125 932 2160 in
966 2123 1094 2161 alvum
1124 2123 1309 2171 condere,
1348 2139 1417 2162 seu·

46 2189 198 2228 domum
237 2199 441 2240 asportare
480 2190 616 2239 malis,
659 2192 711 2228 ita
748 2190 898 2229 videtur
931 2191 1196 2229 informaturus
1231 2190 1416 2229 Graecam

46 2259 254 2296 orationem
290 2258 431 2306 fuisse,
470 2256 536 2295 καὶ
568 2253 644 2296 ὅσα
682 2256 878 2310 ἐντραγεῖν
918 2257 1008 2309 ἐξῆν
1046 2254 1070 2309 ἢ
1109 2258 1176 2296 καὶ
1215 2255 1414 2310 ἀποφέρε-

46 2326 167 2363 σθαι·
208 2324 304 2362 illud
334 2332 457 2363 autem
484 2326 613 2364 ταῦτα
641 2327 753 2374 plane
783 2328 1005 2366 omissurus.
1057 2317 1182 2364 Verbi
1217 2324 1415 2378 ἐντραγεῖν

45 2392 140 2433 hanc
174 2393 251 2430 vim
288 2406 396 2442 esse,
435 2394 547 2431 etiam
599 2407 649 2432 ex
685 2392 884 2444 Hesychio
923 2395 1122 2443 conjicias,
1172 2393 1270 2442 apud
1303 2407 1417 2441 quem

46 2467 132 2499 sunt
161 2461 234 2498 ista
263 2457 457 2512 ἔντραγεΐ,
486 2459 677 2516 ἐντρυφᾷ.
732 2458 743 2473 ³
763 2462 954 2513 Ἰντραγεῖν
968 2492 979 2509 ,
1020 2460 1231 2511 ψωμίσω,
1275 2458 1417 2510 ψωμί-

46 2529 217 2569 σασθαι.
277 2526 389 2567 Vidit
416 2527 487 2566 hoc
526 2530 639 2566 etiam
666 2527 848 2568 Kuhnius
889 2529 936 2566 ad
962 2527 1118 2568 Polluc.
1148 2527 1235 2576 VI,
1272 2530 1340 2565 40.
1371 2524 1416 2565 τὸ

48 2593 246 2648 ἐντραγεῖν
274 2598 430 2645 saepius
453 2605 682 2645 usurpatum
709 2596 759 2637 de
796 2595 1097 2647 tragematibus,
1139 2605 1176 2635 et
1213 2595 1261 2634 id
1294 2610 1417 2645 gemes

48 2663 140 2702 aliis
165 2665 410 2705 scitamentis.
469 2663 601 2706 stno
