1768 3125
260 179 337 210 IN
395 170 1209 211 PSEUDOSOPHISTAM.
1324 164 1419 209 483

43 308 243 351 sequentes
289 302 396 339 nullo
444 300 554 339 modo
596 298 757 339 Luciani
804 299 978 351 thymum
1017 298 1190 338 Atticum
1232 298 1420 350 redolent,

44 378 154 418 atque
203 372 283 417 ipse
322 369 514 406 Lucianus
556 369 626 406 hoc
665 377 838 407 testatum
874 370 1017 417 voluit,
1068 369 1156 405 dum
1196 366 1255 404 his
1294 369 1421 405 verbis

43 436 130 475 huic
176 439 347 475 tractatui
392 437 507 474 finem
553 437 664 475 facit:
716 438 785 474 νῦν
836 434 878 475 δὲ
928 431 1181 484 diuiduum&
1221 432 1289 473 τὸν
1330 431 1422 472 διά-

44 506 176 555 λογον.
232 504 392 542 Bomio.
451 503 612 541 Luciani
652 519 725 542 non
763 505 922 542 videtur.
975 503 1138 542 Gmsm.
1207 503 1250 542 In
1290 504 1420 541 eadem

43 575 228 611 sententia
285 579 322 611 et
382 573 423 610 la
477 573 622 620 (ἥατο,-
681 572 757 610 vid.
813 575 895 621 ejus
944 579 1021 610 not.
1069 572 1116 609 ad
1164 586 1244 619 cap.
1294 576 1334 610 7.
1381 585 1421 609 v.

43 638 227 691 λέλογχα.
298 639 381 690 Ego
429 655 517 678 sane
565 654 637 677 non
687 641 807 677 ausim
858 640 1055 677 adfirmare
1109 638 1269 677 Luciani
1323 653 1422 678 esse.

42 707 164 746 Nimis
204 710 327 758 enim,
368 710 480 746 nimis
519 709 734 756 frequenter
774 707 910 745 iisdem
939 708 1028 744 alibi
1058 709 1194 755 utitur,
1238 721 1331 755 quae
1361 707 1424 744 hic

44 777 259 814 soloecismi
311 777 547 814 damnantur.
619 775 738 813 Immo
790 775 943 812 dimidia
987 776 1122 813 saltem
1166 789 1253 823 pars
1292 789 1424 813 eorum

43 844 140 882 falso
185 845 398 882 soloecismi
432 850 676 892 accusantur,
718 844 855 891 quippe
895 855 990 890 quae
1020 849 1056 879 et
1087 843 1152 879 alii
1181 844 1326 891 probati
1356 857 1424 880 au-

43 918 187 959 ctores,
228 911 424 949 Atticismi
466 925 538 948 non
574 911 715 959 rudes,
757 910 985 957 adhibuere,
1032 910 1131 958 quod
1170 918 1269 948 recte
1310 913 1425 948 etiam

43 981 160 1017 sensit
180 978 332 1016 Duker.
364 992 475 1026 quem
505 979 638 1028 adlego
666 978 713 1016 ad
743 992 774 1016 c.
797 982 837 1016 7.
860 991 897 1015 v.
919 973 1115 1028 τεθνήξει,
1148 979 1320 1027 quodque
1338 979 1424 1027 plu-

41 1047 147 1083 ribus
196 1054 281 1094 post
321 1046 528 1084 Grccem'um
568 1047 827 1095 ostenderem,
884 1047 957 1083 nisi
998 1053 1177 1090 notarum*
1209 1049 1285 1095 jam
1323 1053 1425 1084 esset

42 1120 210 1162 tantum,
259 1121 300 1152 ut
347 1117 498 1163 copioso
550 1129 635 1153 esse
681 1129 754 1153 non
795 1115 920 1152 liceat.
986 1112 1030 1151 Si
1073 1121 1196 1152 tamen
1233 1114 1426 1153 Lucianus

43 1189 172 1219 auctor
211 1189 294 1231 est,
334 1184 448 1230 jocari
486 1182 547 1220 hic
585 1185 787 1220 maximam
828 1189 973 1230 partem
1005 1182 1212 1219 credendus
1243 1184 1339 1231 erit,
1383 1189 1426 1219 ut

44 1251 110 1298 qui
140 1250 230 1287 alibi
256 1264 330 1287 non
360 1251 521 1288 sollicite
550 1245 855 1302 ὗπεριιῖτικίζειν
884 1263 1038 1287 neeesse
1069 1249 1232 1287 duxerit.
1269 1250 1424 1289 RmTz.

43 1316 120 1356 Hic
144 1317 331 1367 Dialogus
370 1319 468 1354 inter
504 1331 569 1355 eos
610 1325 694 1366 est,
739 1332 832 1366 quos
871 1319 976 1355 nulla
1007 1319 1136 1367 lingua
1166 1318 1240 1355 alia
1270 1331 1427 1366 expres-

43 1373 158 1433 serit,
199 1399 282 1422 cum
321 1386 428 1433 lepos
457 1388 577 1424 omnis
608 1388 657 1423 sit
685 1387 722 1422 in
752 1386 912 1434 quadam
942 1387 1142 1423 verborum
1170 1386 1426 1434 imparilitate,

43 1454 325 1500 perturbatione
364 1460 400 1491 et
442 1455 623 1500 miscela,
668 1467 806 1502 quam,
852 1456 1033 1491 sententia
1068 1454 1268 1491 verborum
1306 1453 1426 1501 salva,

43 1534 132 1557 raro
170 1521 259 1558 licet
297 1521 498 1558 transferre
528 1523 567 1557 in
596 1536 806 1559 sermonem
836 1523 966 1559 alium.
1027 1520 1115 1573 Quo
1146 1523 1272 1569 itaque
1301 1522 1427 1572 magis

45 1587 199 1625 studeas
230 1589 441 1636 exprimere
473 1590 611 1637 omnia,
641 1596 742 1626 tanto
773 1591 892 1638 magis
920 1590 1089 1626 insulsus
1119 1589 1321 1635 fatuasque
1350 1587 1425 1636 his,

47 1655 112 1705 qui
165 1669 380 1704 comparare
420 1655 563 1694 Graeca
611 1671 685 1694 non
733 1664 913 1706 possunt,
963 1657 1099 1694 evadas
1148 1669 1304 1693 necesse
1353 1662 1425 1693 est.

45 1722 153 1761 Haec
185 1725 335 1779 itaque,
377 1738 488 1771 quam
517 1738 591 1761 non
618 1727 698 1762 sine
727 1725 902 1762 molestia
931 1730 968 1761 et
998 1724 1141 1772 pudore
1171 1724 1332 1771 quodam
1361 1723 1427 1760 da-

46 1804 144 1840 mus,
178 1792 436 1839 interpretatio
464 1806 537 1829 non
565 1799 688 1840 potest
716 1796 846 1841 juvare
875 1793 947 1829 nisi
978 1805 1058 1840 eos,
1088 1792 1153 1839 qui
1182 1791 1229 1828 de
1258 1791 1427 1840 singulo-

46 1874 131 1897 rum
172 1860 371 1898 verborum
407 1874 520 1898 sensu
563 1862 748 1910 celerius,
790 1874 902 1908 quam
931 1873 980 1897 ex
1008 1858 1153 1896 Lexico
1184 1859 1332 1896 edoceri
1364 1873 1427 1895 cu-

46 1929 174 1976 piunt,
214 1934 252 1965 et
289 1942 356 1976 per
393 1927 485 1966 haec
526 1929 573 1966 ad
606 1929 834 1978 indagandos
874 1929 1118 1965 soloecismos
1157 1926 1303 1963 deduci.
1368 1924 1427 1963 Ne

49 1997 158 2045 quis,
189 1994 334 2033 Graece
363 1997 429 2044 qui
460 1997 570 2044 plane
596 1999 756 2045 nesciat,
786 1997 916 2045 legere
946 1995 1290 2042 interpretationem
1319 1993 1427 2041 velit,

48 2063 247 2111 deprecor,
279 2077 363 2100 cum
392 2070 516 2100 metus
546 2065 614 2112 sit,
644 2078 691 2101 ne
720 2063 931 2100 Lucianum
961 2069 998 2099 et
1018 2064 1287 2109 interpretem,
1319 2061 1429 2097 illum

47 2131 160 2179 plane
195 2132 410 2177 innoxium,
449 2129 548 2167 hunc
588 2132 670 2168 sola
700 2130 957 2169 commodandi
986 2130 1209 2178 quibusdam
1236 2129 1428 2166 voluntate

48 2204 285 2246 peccantem,
315 2198 541 2245 ineptiarum
570 2198 784 2235 difficilium
814 2198 1046 2236 condemnet.
1091 2196 1275 2245 Expressi
1306 2202 1430 2233 autem

49 2267 90 2302 in
128 2266 231 2313 illis,
276 2279 372 2313 quae
412 2266 661 2315 stribliginem
701 2266 859 2315 habent,
903 2266 1177 2313 locutionibus,
1218 2264 1431 2301 naturalem

50 2334 285 2381 singulorum
316 2334 516 2371 verborum
545 2334 879 2384 significationem,
918 2336 997 2372 sive
1028 2347 1110 2372 eam
1140 2339 1334 2370 contextus
1365 2331 1431 2368 ad-

51 2402 194 2447 mittat,
251 2415 324 2448 quo
373 2402 470 2438 facto
508 2403 754 2439 soloecismus
793 2416 867 2440 non
909 2409 1064 2450 apparet
1102 2401 1240 2438 Latine
1282 2406 1428 2437 tantum

51 2469 280 2516 scientibus,
321 2469 399 2505 sive
438 2471 585 2518 minus,
625 2472 690 2507 ubi
728 2470 860 2507 deinde
897 2470 1043 2506 laborat
1072 2469 1277 2515 sententia,
1320 2481 1431 2515 quam

50 2543 239 2584 utcunque
270 2537 402 2583 positis
429 2537 466 2572 in
496 2536 710 2584 parenthesi
738 2539 862 2575 verbis
893 2538 1083 2585 explicare
1114 2536 1252 2574 studui.
1298 2533 1428 2570 GESN.

51 2602 213 2641 Luciani
241 2603 339 2640 hunc
369 2617 452 2641 esse
481 2605 678 2651 libellum,
713 2606 822 2642 facile
851 2606 1076 2653 intellig-itur
1105 2619 1126 2642 e
1156 2603 1430 2650 comparatione

53 2672 238 2720 aliorum,
277 2671 341 2709 ubi
376 2671 477 2709 idem
505 2670 642 2710 Noster
666 2675 926 2721 grammaticas
953 2686 1015 2711 res
1047 2677 1177 2709 tractat
1206 2677 1242 2707 et
1270 2668 1433 2708 vindicat

1026 2727 1136 2765 Hh2
