1768 3125
240 191 304 222 ιΝ
339 190 689 224 ems-rotas
725 191 1168 225 SATURNAnEs.
1330 178 1423 224 ³45

57 313 277 360 potestatis,
316 325 451 362 voces,
496 324 591 360 qnae
631 327 664 351 c.
705 317 773 354 36.
810 311 843 352 s.
892 313 1091 363 leguntur,
1139 311 1212 352 huc
1264 314 1418 352 confert.

57 376 143 417 Illic
181 381 280 417 enim
320 381 444 428 priore
479 393 569 418 voce
605 379 813 419 ἴσοδιάιτοι
850 389 912 418 aut
950 395 1189 429 quaecunque
1233 382 1283 419 sit
1318 383 1420 419 vocis

58 447 191 495 forma,
220 447 476 496 significantur
502 448 698 486 manifesto
729 447 864 486 divites
889 450 990 497 ipsi,
1029 449 1209 496 epistolae
1238 456 1421 496 auctores,

57 516 264 562 posteriore
292 521 415 552 autem
448 514 678 567 συνδιαίτῃς
705 522 768 553 aut
797 512 1082 565 συνδιαιτητὴς,
1108 512 1159 562 (l)
1177 523 1254 565 ¹aut
1284 515 1423 555 cnudi..

58 595 170 627 αιτος
197 584 353 620 conviva
388 583 570 631 quilibet,
613 598 635 621 a
674 585 909 622 convivator-e
948 583 1131 620 diversus.
1189 582 1328 622 Nostro
1354 598 1422 622 au-

56 655 131 687 tem
156 649 239 687 loco
268 651 351 698 quis
379 664 454 687 non
479 650 602 688 videat
639 651 799 699 intelligi
836 651 1022 697 aliquem,
1062 651 1126 697 qui
1146 651 1208 688 -ab
1253 654 1420 700 utrisque

55 717 134 754 illis
153 717 256 755 'bene
282 719 330 755 sit
360 717 657 767 distinguendus,
682 716 907 766 praesidem
930 717 1072 756 scilicet
1102 711 1308 768 (ἡγεμόνα)
1331 735 1423 758 con-

54 786 158 822 vivii.
215 784 272 823 At
299 799 387 823 vero
413 785 510 823 hunc
536 785 747 833 praesidem
787 785 946 823 convivii
986 783 1078 822 mihi
1116 785 1266 832 quidem
1300 788 1421 836 liquet

54 865 128 889 non
157 866 269 901 posse
297 852 334 890 h.
365 854 395 891 1.
426 867 511 890 eum
540 866 648 902 esse,
678 855 743 901 qui
771 854 865 901 ipsis
893 852 1068 889 divitibus
1093 854 1330 903 auctoribus,
1371 856 1420 893 ad

54 932 147 967 quos
172 921 344 958 universa
373 921 558 958 accusatio
599 927 763 970 spectat,
802 921 1046 958 constituatur
1059 947 1079 968 ‚.
1107 920 1315 970 sedeum,
1354 925 1420 970 qui

53 985 183 1025 divino
212 987 371 1036 quodam
399 990 567 1026 instituto
597 989 767 1026 omnibus
797 988 977 1025 conviviis
1007 1001 1049 1024 ac
1077 990 1282 1036 symposiis
1309 1003 1420 1037 prae-

51 1055 135 1103 sits
153 1061 191 1092 et
217 1070 290 1103 quo
320 1055 412 1094 duce
444 1051 605 1107 (ἡγεῖται
634 1054 673 1095 h,
703 1055 749 1100 l.)
781 1054 915 1093 divites
942 1055 1004 1093 vel
1023 1056 1130 1093 inviti
1159 1069 1278 1104 aequo
1300 1060 1420 1095 omni-

51 1122 121 1160 bns
161 1124 324 1160 convivis
359 1125 530 1161 convictu
570 1125 625 1160 uti
660 1122 831 1160 debeant.
891 1121 1019 1159 Utitur
1048 1123 1189 1161 scilicet
1232 1122 1419 1163 Saturnus

50 1197 269 1238 argumento
307 1204 329 1228 e
367 1189 567 1228 divinitate
613 1192 772 1228 instituti
808 1190 979 1227 desumto
1019 1204 1172 1238 remque
1209 1191 1330 1229 defert
1371 1193 1419 1229 ad

50 1256 162 1294 deum
203 1254 290 1305 (τὸν
332 1257 554 1307 ἷσοὸαίτην)
583 1260 689 1305 cujus
729 1258 986 1294 auctoritatem
1027 1258 1177 1296 laedere
1215 1259 1319 1296 nefas
1354 1261 1429 1309 sit‚.

50 1338 118 1362 nec
147 1339 238 1363 vero
266 1325 313 1362 ad
341 1324 517 1363 herorum
547 1325 763 1372 arbitrium,
804 1338 919 1372 penes
960 1339 1052 1373 quos
1089 1327 1137 1362 sit
1174 1327 1335 1373 privatas
1380 1336 1423 1366 et,

51 1390 274 1430 domesticas
312 1393 418 1441 leges
446 1394 509 1430 vel
537 1394 760 1440 observare,
796 1392 858 1428 vel
895 1394 1098 1439 antiquare.
1157 1392 1265 1444 Quae
1302 1409 1422 1443 quum-

49 1460 102 1496 ita
126 1460 223 1508 sint,
253 1461 490 1510 colliginms,
521 1474 595 1497 uon
624 1456 922 1509 ἷσοδιαιτητὴν,
967 1473 1096 1509 regem
1141 1462 1305 1499 convivii
1335 1475 1416 1500 sor-

48 1528 116 1563 tito
144 1533 331 1574 creatum,
368 1527 436 1565 sed
477 1528 588 1566 deum
615 1529 762 1575 ipsum,
797 1528 1051 1564 conviviorum
1083 1528 1289 1575 praesidem
1320 1536 1416 1567 tute-

46 1593 188 1641 larem,
217 1592 434 1643 Bacchum,
464 1592 532 1633 τὸν
563 1593 792 1644 &rodulf-qv,
836 1593 875 1631 11.
906 1594 934 1631 1.
975 1608 1059 1633 cum
1092 1596 1257 1634 Gesnero
1298 1603 1416 1634 statu-

48 1661 184 1701 endum
213 1675 310 1700 esse.
368 1661 463 1700 Alia
492 1670 548 1701 est
576 1663 792 1711 posterioris
820 1662 895 1698 loci
924 1664 1216 1711 argmnentafio,
1250 1664 1318 1700 ,ubi
1359 1663 1416 1701 di-

49 1730 142 1768 vites
171 1731 267 1777 ipsi,
301 1730 478 1768 admoniti
514 1745 534 1768 a
576 1730 761 1778 Saturno,
803 1735 844 1765 ut
881 1729 1028 1776 aequali
1066 1743 1152 1767 cum
1187 1732 1414 1778 pauperibus

48 1798 217 1834 convictu
246 1804 419 1848 utantur,
466 1798 515 1836 ad
553 1800 677 1846 ipsum
714 1810 857 1834 morem
887 1797 960 1834 sibi
990 1810 1139 1844 semper
1179 1798 1415 1838 observatum

46 1871 247 1913 provocant
272 1867 502 1914 probantque
530 1868 607 1915 jam
636 1866 707 1903 sibi
732 1878 806 1902 nou
833 1878 927 1912 opus
954 1878 1063 1912 esse,
1106 1872 1148 1901 ut
1184 1867 1414 1914 imperentur

48 1945 93 1969 ea
120 1932 267 1981 facere,
298 1947 393 1981 quae
422 1932 617 1982 hucusque
651 1946 800 1980 semper
829 1932 998 1980 fecerint,
1041 1930 1248 1970 ἵσοόίαιτοι
1292 1937 1414 1973 καθε-

47 2000 194 2045 στῶτες
220 2007 289 2038 etc.
348 1999 497 2038 Verum
527 2001 573 2039 de
599 2001 659 2038 his
688 1999 895 2039 videbimus
925 2012 993 2035 suo
1019 1998 1114 2036 loco.
1173 1998 1327 2041 Lnum,

131 2066 218 2105 ead.
248 2068 276 2106 l.
310 2071 376 2106 14.
407 2068 480 2106 ΙΙο
497 2067 630 2116 Mo),
662 2066 770 2112 καὶ]
818 2063 868 2104 Οἳ
910 2065 1049 2104 πολλοὶ
1092 2068 1233 2115 legisse
1268 2069 1414 2106 videtur

46 2135 246 2183 interpres.
290 2133 457 2172 GUYFT.
515 2133 608 2172 Scil.
639 2136 727 2183 quia
752 2135 886 2183 vertit,
915 2134 1064 2182 vulgus.
1119 2133 1272 2173 RmTz.
1333 2135 1413 2175 Nec

46 2210 169 2239 tamen
195 2209 393 2250 propterea
422 2204 631 2240 necessario
660 2203 865 2250 requiritur
892 2203 1082 2240 articulus.
1140 2201 1286 2242 LEHM.

131 2269 219 2307 ead.
249 2270 277 2308 l.
311 2274 375 2308 16.
399 2267 684 2315 Ἴστωσαν]
729 2268 909 2307 Discunt.
953 2267 1129 2308 Gurmu·

129 2335 226 2374 ibid.
257 2333 427 2376 Αὐτοὶ
471 2331 895 2388 ὃιαβαστάντες]
938 2335 1069 2376 Αὐτοὶ
1110 2332 1412 2387 διαβαστάσαν-

45 2418 123 2450 τες.
181 2402 322 2443 ΜΑιιο.

132 2471 235 2520 Pag.
268 2476 335 2511 37.
365 2472 394 2511 l.
425 2476 462 2510 1.
493 2471 589 2510 Καὶ
616 2472 705 2523 τῆς
736 2469 1002 2525 ἱστορίας]
1045 2471 1108 2511 Sic
1149 2474 1246 2511 forte
1284 2473 1412 2522 leg-una

48 2539 158 2577 dum:
198 2540 271 2590 τῆς
311 2537 488 2593 ἱστορίας
516 2537 561 2580 τὸ
593 2538 776 2593 ἀκριβὲς,
815 2539 881 2580 καὶ
923 2537 993 2579 τὸν
1026 2537 1180 2593 χρυσὸν
1223 2537 1317 2586 ὅσος
1341 2548 1414 2579 elc-

48 2605 220 2645 Gunrr.
