1768 3125
303 188 699 221 1¹H1LoPATn1D1s
737 189 1097 221 mssnn‘rATm.
1340 179 1432 222 665

53 308 182 361 βαβαὶ
210 309 282 349 τοῦ
313 305 656 362 ιῖναφυσὴματος,
701 305 756 356 ὡς
794 308 867 356 τὰς
896 308 1065 363 νεφέλας
1096 307 1332 363 delamense,
1373 309 1434 359 ζε-

55 375 188 430 φύρου
217 374 293 429 γὰρ
329 375 581 424 ἐπιπνέοντος
617 375 797 431 λάβρον,
823 377 906 417 ’καὶ
949 382 1033 424 τοῖς
1069 373 1242 428 κύμασιν
1280 376 1434 417 ἐπωθί-

1 493 2 499 *
54 444 211 494 ζοντος,
249 442 399 496 βορὲην
440 443 530 497 ἄρτι
573 442 650 484 ἀνὰ
691 444 759 485 τὸν
796 444 1060 498 Προποντίδα
1102 445 1333 497 κεκίνηκας,
1379 442 1435 494 ὡς

53 510 121 552 διὰ
151 508 286 551 κάλων
317 510 357 551 αἱ
389 507 555 559 ὁλκάδες
581 510 651 552 τὸν
680 510 867 561 Isi-'gamot‘
896 509 1042 552 πόντον
1077 511 1322 565 οἷχήσονται,
1352 517 1433 553 τῶν

1 625 2 637 ¹
52 576 243 630 κυμάτων
273 577 629 619 ἕπικυλινὸὀύντίιψ
660 581 701 621 ἐκ
732 583 804 621 τοῦ
833 577 1087 634 φυσήματος.
1147 581 1330 632 Aguntur
1363 584 1435 620 ita-

0 645 2 699 ]
52 662 125 697 que
153 647 246 687 haec
275 649 312 685 in
341 649 453 687 litore
482 648 755 698 Propontidos:
789 651 853 699 qui
879 650 1111 700 loquuntur,
1142 664 1162 688 a
1192 652 1313 689 fronte
1339 651 1434 689 hanc

50 716 174 763 ipsam
204 716 473 764 Propontidem
502 724 540 754 et
571 723 755 767 austrum,
790 731 812 755 a
840 725 947 766 tergo
979 716 1172 755 Euxinum
1201 719 1363 758 Pontum
1398 726 1435 758 et

0 830 1 834 Ἰ
50 785 325 831 septentriones
350 784 504 824 habent.
566 782 610 822 Si
637 787 734 823 enim
763 788 917 834 spiritus
939 784 1196 824 vehementior
1217 801 1281 825 ore
1310 801 1436 825 erum-

50 864 143 899 pens
173 852 325 889 boream
354 854 393 890 in
422 852 652 901 Propontide
683 853 794 891 debet
829 855 1019 902 excitare,
1055 860 1096 890 ut
1138 852 1231 892 haec
1269 869 1343 892 non
1383 857 1436 893 ita

50 931 93 957 se
121 917 296 968 habeant,
326 919 411 957 fieri
436 933 510 957 non
540 927 677 969 potest.
736 920 860 970 Igitur
893 920 940 958 ad
966 919 1182 967 Bosporum
1210 919 1436 961 Thracicum

48 999 112 1023 res
144 992 250 1035 gesta
280 993 362 1036 est,
406 1000 475 1025 seu
505 989 696 1037 angustias
725 989 836 1037 illas,
880 1001 976 1036 quae
1006 986 1240 1036 Propontida
1281 991 1325 1027 ab
1355 990 1437 1028 Eu-

48 1053 140 1091 xino
177 1052 300 1092 Ponto
338 1053 540 1105 dirimunt,
578 1057 695 1094 verbo
726 1054 1063 1103 Constantinopoli.
1122 1054 1207 1094 Non
1248 1057 1437 1105 improba-

46 1120 136 1158 bilis
177 1128 302 1160 autem
350 1124 563 1170 conjectura
593 1130 675 1172 est,
726 1122 826 1161 hunc
867 1123 1061 1172 dialogum
1099 1125 1138 1160 in
1176 1138 1220 1161 ea
1258 1126 1438 1173 scriptum

1 1228 3 1244 ζ
48 1188 141 1225 urbe
184 1201 294 1238 esse,
334 1203 430 1238 quae
472 1196 554 1227 tum
593 1197 705 1239 caput
747 1204 874 1229 rerum
915 1198 952 1229 et
982 1191 1093 1230 sedes
1132 1198 1233 1229 esset
1269 1193 1435 1241 imperii.

0 1281 1 1284 =
47 1252 272 1304 Imperatori
320 1258 420 1295 euim
459 1260 655 1296 victoriam
695 1259 906 1308 gratulatur
945 1266 1096 1307 auctor,
1150 1259 1250 1308 quod
1285 1263 1435 1309 majori,

49 1323 183 1373 credo,
226 1325 442 1364 celebritate
483 1327 523 1364 in
562 1327 682 1375 urbe,
724 1341 837 1375 quam
866 1328 907 1365 in
934 1328 1138 1375 provinciis
1147 1355 1162 1374 ,
1210 1328 1307 1365 solet
1337 1328 1434 1367 fieri.

2 1422 3 1436 ³
48 1389 181 1442 Quid,
234 1392 337 1441 quod
384 1393 488 1431 urbis
532 1389 628 1432 κατ’
669 1391 810 1445 ἐξοχὴ-ν
849 1394 971 1433 dictae
1010 1395 1211 1443 aliquoties
1251 1398 1436 1447 meminit,

48 1465 177 1497 aurata
206 1461 297 1498 item
325 1467 423 1498 tecta
463 1469 749 1512 commemorat,
788 1463 914 1511 qualia
954 1471 1038 1501 ante
1071 1462 1308 1502 Constantini
1349 1479 1436 1513 pro-

46 1526 174 1565 fusum
204 1527 427 1566 aedificandi
457 1535 495 1567 et
524 1531 732 1568 exornandi
762 1544 846 1569 eam
873 1531 1008 1569 urbem
1034 1530 1224 1580 studium,
1254 1529 1435 1582 Byzantii

0 1595 2 1599 ’
47 1594 189 1644 fuisse,
228 1594 324 1633 mihi
351 1610 426 1634 non
452 1595 498 1634 fit
525 1599 769 1648 verosimile,
807 1599 896 1637 licet
936 1599 1128 1636 moenium
1165 1600 1299 1637 robora
1343 1601 1435 1638 olim

0 1699 1 1705 ,
49 1662 235 1700 celebrata
265 1664 353 1702 sint.
410 1662 545 1712 Neque
574 1664 767 1715 Aegyptii
806 1666 947 1704 mensis
977 1679 1136 1715 nomen,
1175 1664 1345 1716 Mesori,
1390 1669 1435 1705 ab

0 1725 3 1784 ᾗ
48 1726 120 1767 hac
148 1744 210 1768 me
235 1732 421 1769 sententia
449 1739 576 1780 potest
604 1732 821 1773 dimovere:
864 1746 979 1781 quare
1009 1734 1110 1771 enim
1139 1748 1185 1771 eo
1214 1742 1340 1772 utatur
1370 1749 1436 1773 au-

49 1803 155 1846 ctor,
185 1799 299 1848 satis,
337 1806 453 1847 puto,
494 1806 552 1837 est
581 1799 629 1837 ad
658 1814 739 1849 cap.
769 1805 835 1840 22.
872 1801 1091 1842 indicatum.
1151 1800 1197 1839 Si
1240 1803 1356 1852 igitur
1397 1805 1436 1840 in

1 1916 2 1919 Ἴ
50 1862 287 1904 Constantini
313 1867 406 1904 urbe
436 1868 597 1916 scriptus
626 1874 684 1905 est
712 1867 969 1917 Phihpatris,
1002 1876 1102 1906 certe
1131 1876 1236 1907 actus
1261 1884 1345 1908 esse
1364 1871 1437 1908 fin-

0 1921 1 1940 ³
51 1934 180 1983 gitur3
222 1947 299 1971 non
335 1941 462 1983 potest
498 1949 575 1972 non
602 1936 738 1972 saltem
768 1935 1005 1975 Constantini
1044 1950 1136 1974 aevo
1162 1950 1247 1975 esse
1283 1952 1434 1988 suppar,

0 2000 4 2053 ι’
52 1997 223 2039 Luciano
264 2007 388 2038 autem
432 2003 714 2049 sesquisaeculo
748 2003 796 2040 ad
823 2004 1021 2040 minimum
1048 2005 1189 2052 junior.

0 2058 6 2117 ζ
131 2065 300 2106 XXIX.
343 2066 388 2106 Si
428 2070 625 2108 corradere
664 2072 787 2109 omnia
828 2077 867 2109 et
895 2084 1098 2120 congerere
1132 2073 1279 2110 animus
1321 2081 1436 2124 esset,

3 2130 6 2193 ᾗ
52 2148 151 2183 quae
177 2136 217 2172 in
245 2134 341 2172 hanc
369 2149 449 2173 rem
479 2136 553 2177 dici
582 2144 742 2185 queant,
786 2138 884 2176 forte
914 2139 1040 2177 colore
1065 2139 1192 2187 aliquo
1220 2138 1319 2178 illud
1348 2157 1437 2190 pos?

52 2208 110 2241 set
133 2202 275 2251 imbui,
318 2203 365 2240 ab
404 2210 556 2242 auctore
590 2205 731 2254 dialogi
770 2206 973 2254 imaginem
1011 2206 1136 2244 Paulli
1175 2206 1355 2256 Apostoli
1398 2212 1436 2247 in

5 2310 8 2317 ¹
52 2269 195 2318 templo
223 2271 345 2309 visam
358 2273 417 2319 ³):
461 2273 539 2320 jam
574 2273 756 2322 imagines
784 2273 823 2312 in
852 2274 1002 2322 templis
1032 2272 1089 2314 A.
1121 2272 1166 2312 C.
1199 2289 1287 2316 ccc.
1331 2277 1438 2320 adhi-

0 2354 7 2358 ·
53 2338 135 2375 beri
164 2351 239 2375 non
266 2338 421 2378 solitas:
449 2352 680 2388 consequens
708 2341 824 2390 igitur
851 2354 961 2390 esse,
1002 2348 1044 2379 ut
1083 2348 1171 2390 post
1208 2343 1248 2381 id
1288 2351 1436 2393 tempus

55 2406 217 2453 scriptus
256 2407 306 2443 sit
342 2405 590 2455 Philopatris.
650 2406 729 2446 Sed
765 2410 884 2458 gratis
917 2409 1015 2447 illud
1051 2423 1073 2447 a
1103 2407 1339 2449 Tnnormm
1378 2426 1438 2450 as-

55 2479 240 2522 sumtum,
271 2480 440 2522 apparet.
499 2473 603 2513 Illud
630 2475 729 2514 forte
757 2479 940 2526 majorem
969 2478 1134 2526 speciem
1162 2476 1296 2527 habet,
1338 2481 1438 2528 quod

101 2629 134 2671 a)
160 2628 264 2674 Quod
299 2632 415 2665 visum
452 2640 501 2664 est
544 2629 747 2678 Theophila
779 2610 998 2678 Rajrnando
1033 2635 1235 2668 Erotematt.
1267 2635 1309 2669 de
1343 2637 1441 2671 libris

151 2688 252 2721 bonis
275 2696 310 2723 et
332 2689 437 2722 malis
461 2700 494 2733 p.
520 2689 596 2722 195.
