<?xml version="1.0" encoding="UTF-8"?>
<!DOCTYPE html PUBLIC "-//W3C//DTD XHTML 1.0 Transitional//EN"
    "http://www.w3.org/TR/xhtml1/DTD/xhtml1-transitional.dtd">
<html xmlns="http://www.w3.org/1999/xhtml" xml:lang="en" lang="en">
 <head>
  <title>
</title>
<meta http-equiv="Content-Type" content="text/html;charset=utf-8" />
  <meta name='ocr-system' content='tesseract 3.04.00' />
  <meta name='ocr-capabilities' content='ocr_page ocr_carea ocr_par ocr_line ocrx_word'/>
</head>
<body>
  <div class='ocr_page' id='page_1' title='image "./operagraecaetlat09luciuoft_0569.png"; bbox 0 0 1768 3125; ppageno 0'>
   <div class='ocr_carea' id='block_1_1' title="bbox 287 151 1411 198">
    <p class='ocr_par' dir='ltr' id='par_1_1' title="bbox 287 151 1411 198">
     <span class='ocr_line' id='line_1_1' title="bbox 287 151 1411 198; baseline 0 -2"><span class='ocrx_word' id='word_1_1' title='bbox 287 163 1156 198; x_wconf 73' lang='lat' dir='ltr'>INPHILOPATRIN.</span> <span class='ocrx_word' id='word_1_2' title='bbox 1318 151 1411 196; x_wconf 79' lang='lat'>550</span> 
     </span>
    </p>
   </div>
   <div class='ocr_carea' id='block_1_2' title="bbox 31 277 1430 2705">
    <p class='ocr_par' dir='ltr' id='par_1_2' title="bbox 31 277 1418 810">
     <span class='ocr_line' id='line_1_2' title="bbox 32 277 1415 336; baseline -0.003 -8"><span class='ocrx_word' id='word_1_3' title='bbox 32 289 146 328; x_wconf 84' lang='lat' dir='ltr'>litore</span> <span class='ocrx_word' id='word_1_4' title='bbox 186 287 336 335; x_wconf 85' lang='lat' dir='ltr'>adjutae</span> <span class='ocrx_word' id='word_1_5' title='bbox 376 300 452 325; x_wconf 89' lang='lat' dir='ltr'>non</span> <span class='ocrx_word' id='word_1_6' title='bbox 492 288 694 336; x_wconf 87' lang='lat' dir='ltr'>potuerint.</span> <span class='ocrx_word' id='word_1_7' title='bbox 764 284 862 324; x_wconf 87' lang='lat' dir='ltr'>Nam</span> <span class='ocrx_word' id='word_1_8' title='bbox 904 281 1088 336; x_wconf 57' lang='grc' dir='ltr'>οἴχεσθαι</span> <span class='ocrx_word' id='word_1_9' title='bbox 1132 277 1277 323; x_wconf 74' lang='grc' dir='ltr'>πόντον</span> <span class='ocrx_word' id='word_1_10' title='bbox 1320 285 1415 333; x_wconf 85' lang='lat' dir='ltr'>(sre-</span> 
     </span>
     <span class='ocr_line' id='line_1_3' title="bbox 32 344 1416 406; baseline -0.002 -12"><span class='ocrx_word' id='word_1_11' title='bbox 32 358 160 406; x_wconf 84' lang='lat' dir='ltr'>quenti</span> <span class='ocrx_word' id='word_1_12' title='bbox 202 356 493 404; x_wconf 75' lang='lat' dir='ltr'>praepositionis</span> <span class='ocrx_word' id='word_1_13' title='bbox 537 354 591 400; x_wconf 71' lang='grc' dir='ltr'>εἶς</span> <span class='ocrx_word' id='word_1_14' title='bbox 630 356 776 403; x_wconf 87' lang='lat' dir='ltr'>ellipsi)</span> <span class='ocrx_word' id='word_1_15' title='bbox 819 354 881 391; x_wconf 83' lang='lat' dir='ltr'>hic</span> <span class='ocrx_word' id='word_1_16' title='bbox 922 355 1049 392; x_wconf 85' lang='lat' dir='ltr'>valere</span> <span class='ocrx_word' id='word_1_17' title='bbox 1087 344 1262 403; x_wconf 72' lang='lat' dir='ltr'>ingredi,</span> <span class='ocrx_word' id='word_1_18' title='bbox 1304 366 1416 391; x_wconf 88' lang='lat' dir='ltr'>nemo</span> 
     </span>
     <span class='ocr_line' id='line_1_4' title="bbox 32 418 1417 473; baseline -0.004 -11"><span class='ocrx_word' id='word_1_19' title='bbox 32 425 207 473; x_wconf 75' lang='lat' dir='ltr'>neg-abit,</span> <span class='ocrx_word' id='word_1_20' title='bbox 247 425 318 461; x_wconf 76' lang='lat' dir='ltr'>nisi</span> <span class='ocrx_word' id='word_1_21' title='bbox 346 425 379 460; x_wconf 89' lang='lat' dir='ltr'>si</span> <span class='ocrx_word' id='word_1_22' title='bbox 409 424 494 471; x_wconf 83' lang='lat' dir='ltr'>quis</span> <span class='ocrx_word' id='word_1_23' title='bbox 525 429 650 471; x_wconf 80' lang='lat' dir='ltr'>putet,</span> <span class='ocrx_word' id='word_1_24' title='bbox 691 421 854 460; x_wconf 79' lang='lat' dir='ltr'>seeundo</span> <span class='ocrx_word' id='word_1_25' title='bbox 884 421 1009 459; x_wconf 79' lang='lat' dir='ltr'>Borea</span> <span class='ocrx_word' id='word_1_26' title='bbox 1039 422 1166 458; x_wconf 82' lang='lat' dir='ltr'>intrari</span> <span class='ocrx_word' id='word_1_27' title='bbox 1197 434 1218 458; x_wconf 91' lang='lat' dir='ltr'>e</span> <span class='ocrx_word' id='word_1_28' title='bbox 1247 418 1417 468; x_wconf 84' lang='lat' dir='ltr'>Propon-</span> 
     </span>
     <span class='ocr_line' id='line_1_5' title="bbox 32 482 1414 539; baseline -0.001 -11"><span class='ocrx_word' id='word_1_29' title='bbox 32 491 111 528; x_wconf 89' lang='lat' dir='ltr'>tide</span> <span class='ocrx_word' id='word_1_30' title='bbox 140 489 329 537; x_wconf 88' lang='lat' dir='ltr'>Pontum,</span> <span class='ocrx_word' id='word_1_31' title='bbox 372 490 410 528; x_wconf 85' lang='lat' dir='ltr'>id</span> <span class='ocrx_word' id='word_1_32' title='bbox 447 497 529 539; x_wconf 79' lang='lat' dir='ltr'>est,</span> <span class='ocrx_word' id='word_1_33' title='bbox 572 503 704 527; x_wconf 87' lang='lat' dir='ltr'>versus</span> <span class='ocrx_word' id='word_1_34' title='bbox 743 491 1049 537; x_wconf 83' lang='lat' dir='ltr'>septemtrionem</span> <span class='ocrx_word' id='word_1_35' title='bbox 1089 482 1256 537; x_wconf 79' lang='lat' dir='ltr'>navigari</span> <span class='ocrx_word' id='word_1_36' title='bbox 1286 501 1414 537; x_wconf 86' lang='lat' dir='ltr'>posse.</span> 
     </span>
     <span class='ocr_line' id='line_1_6' title="bbox 34 555 1416 606; baseline -0.002 -10"><span class='ocrx_word' id='word_1_37' title='bbox 34 557 114 597; x_wconf 83' lang='lat' dir='ltr'>Sed</span> <span class='ocrx_word' id='word_1_38' title='bbox 153 560 265 596; x_wconf 83' lang='lat' dir='ltr'>etiam</span> <span class='ocrx_word' id='word_1_39' title='bbox 305 558 401 596; x_wconf 90' lang='lat' dir='ltr'>illud</span> <span class='ocrx_word' id='word_1_40' title='bbox 438 557 523 595; x_wconf 90' lang='lat' dir='ltr'>hinc</span> <span class='ocrx_word' id='word_1_41' title='bbox 565 564 744 606; x_wconf 78' lang='lat' dir='ltr'>apparet,</span> <span class='ocrx_word' id='word_1_42' title='bbox 785 555 967 604; x_wconf 80' lang='lat' dir='ltr'>Critiam,</span> <span class='ocrx_word' id='word_1_43' title='bbox 1009 563 1050 593; x_wconf 85' lang='lat' dir='ltr'>ut</span> <span class='ocrx_word' id='word_1_44' title='bbox 1093 558 1257 594; x_wconf 87' lang='lat' dir='ltr'>excitare</span> <span class='ocrx_word' id='word_1_45' title='bbox 1297 555 1416 593; x_wconf 87' lang='lat' dir='ltr'>halitu</span> 
     </span>
     <span class='ocr_line' id='line_1_7' title="bbox 31 624 1416 675; baseline -0.002 -10"><span class='ocrx_word' id='word_1_46' title='bbox 31 625 197 667; x_wconf 87' lang='lat' dir='ltr'>Boream</span> <span class='ocrx_word' id='word_1_47' title='bbox 235 633 386 675; x_wconf 83' lang='lat' dir='ltr'>posset,</span> <span class='ocrx_word' id='word_1_48' title='bbox 427 626 600 664; x_wconf 73' lang='lat' dir='ltr'>debuisse</span> <span class='ocrx_word' id='word_1_49' title='bbox 641 626 883 663; x_wconf 86' lang='lat' dir='ltr'>constitutum</span> <span class='ocrx_word' id='word_1_50' title='bbox 921 638 1005 662; x_wconf 86' lang='lat' dir='ltr'>esse</span> <span class='ocrx_word' id='word_1_51' title='bbox 1044 638 1089 662; x_wconf 92' lang='lat' dir='ltr'>eo</span> <span class='ocrx_word' id='word_1_52' title='bbox 1131 625 1277 662; x_wconf 73' lang='lat' dir='ltr'>circiter</span> <span class='ocrx_word' id='word_1_53' title='bbox 1315 624 1416 671; x_wconf 83' lang='lat' dir='ltr'>loco,</span> 
     </span>
     <span class='ocr_line' id='line_1_8' title="bbox 31 692 1418 744; baseline -0.001 -12"><span class='ocrx_word' id='word_1_54' title='bbox 31 695 97 732; x_wconf 84' lang='lat' dir='ltr'>ubi</span> <span class='ocrx_word' id='word_1_55' title='bbox 136 701 193 732; x_wconf 89' lang='lat' dir='ltr'>est</span> <span class='ocrx_word' id='word_1_56' title='bbox 223 693 582 742; x_wconf 77' lang='lat' dir='ltr'>Constantinopolis.</span> <span class='ocrx_word' id='word_1_57' title='bbox 641 692 756 744; x_wconf 79' lang='lat' dir='ltr'>Quod</span> <span class='ocrx_word' id='word_1_58' title='bbox 785 706 964 741; x_wconf 83' lang='lat' dir='ltr'>quorsum</span> <span class='ocrx_word' id='word_1_59' title='bbox 991 692 1137 742; x_wconf 83' lang='lat' dir='ltr'>valeat,</span> <span class='ocrx_word' id='word_1_60' title='bbox 1179 694 1219 730; x_wconf 87' lang='lat' dir='ltr'>in</span> <span class='ocrx_word' id='word_1_61' title='bbox 1248 693 1418 742; x_wconf 81' lang='lat' dir='ltr'>disputa-</span> 
     </span>
     <span class='ocr_line' id='line_1_9' title="bbox 34 759 774 810; baseline -0.003 -11"><span class='ocrx_word' id='word_1_62' title='bbox 34 763 137 800; x_wconf 81' lang='lat' dir='ltr'>tione</span> <span class='ocrx_word' id='word_1_63' title='bbox 164 761 302 799; x_wconf 82' lang='lat' dir='ltr'>dictum</span> <span class='ocrx_word' id='word_1_64' title='bbox 336 768 418 809; x_wconf 77' lang='lat' dir='ltr'>est,</span> <span class='ocrx_word' id='word_1_65' title='bbox 449 762 484 810; x_wconf 65' lang='grc' dir='ltr'>ξ.</span> <span class='ocrx_word' id='word_1_66' title='bbox 518 765 584 799; x_wconf 80' lang='lat'>26.</span> <span class='ocrx_word' id='word_1_67' title='bbox 646 759 774 798; x_wconf 58' lang='lat' dir='ltr'>Gra-ss.</span> 
     </span>
    </p>

    <p class='ocr_par' dir='ltr' id='par_1_3' title="bbox 33 824 1417 947">
     <span class='ocr_line' id='line_1_10' title="bbox 118 824 1417 880; baseline 0.002 -14"><span class='ocrx_word' id='word_1_68' title='bbox 118 828 207 867; x_wconf 79' lang='lat' dir='ltr'>ead.</span> <span class='ocrx_word' id='word_1_69' title='bbox 239 829 266 867; x_wconf 80' lang='lat' dir='ltr'>l.</span> <span class='ocrx_word' id='word_1_70' title='bbox 302 834 342 868; x_wconf 87' lang='grc'>5.</span> <span class='ocrx_word' id='word_1_71' title='bbox 381 824 653 880; x_wconf 67' lang='grc' dir='ltr'><em>Λάβρου]</em></span> <span class='ocrx_word' id='word_1_72' title='bbox 692 828 908 867; x_wconf 69' lang='lat' dir='ltr'>Homerica</span> <span class='ocrx_word' id='word_1_73' title='bbox 947 842 1043 877; x_wconf 83' lang='lat' dir='ltr'>vox,</span> <span class='ocrx_word' id='word_1_74' title='bbox 1082 826 1194 866; x_wconf 80' lang='lat' dir='ltr'>Iliad.</span> <span class='ocrx_word' id='word_1_75' title='bbox 1228 827 1286 878; x_wconf 79' lang='lat' dir='ltr'>B,</span> <span class='ocrx_word' id='word_1_76' title='bbox 1320 834 1417 869; x_wconf 80' lang='lat'>148.</span> 
     </span>
     <span class='ocr_line' id='line_1_11' title="bbox 33 894 567 947; baseline 0 -13"><span class='ocrx_word' id='word_1_77' title='bbox 33 894 182 947; x_wconf 84' lang='lat' dir='ltr'>Odyss.</span> <span class='ocrx_word' id='word_1_78' title='bbox 218 895 276 945; x_wconf 81' lang='lat'>0,</span> <span class='ocrx_word' id='word_1_79' title='bbox 310 900 404 934; x_wconf 84' lang='grc'><strong>293.</strong></span> <span class='ocrx_word' id='word_1_80' title='bbox 438 894 567 934; x_wconf 74' lang='lat' dir='ltr'>GsssN.</span> 
     </span>
    </p>

    <p class='ocr_par' dir='ltr' id='par_1_4' title="bbox 31 959 1430 1610">
     <span class='ocr_line' id='line_1_12' title="bbox 118 959 1420 1015; baseline 0.001 -14"><span class='ocrx_word' id='word_1_81' title='bbox 118 963 204 1001; x_wconf 79' lang='lat' dir='ltr'>ead.</span> <span class='ocrx_word' id='word_1_82' title='bbox 237 963 265 1000; x_wconf 79' lang='lat' dir='ltr'>I.</span> <span class='ocrx_word' id='word_1_83' title='bbox 298 967 338 1001; x_wconf 84' lang='lat'>6.</span> <span class='ocrx_word' id='word_1_84' title='bbox 381 959 759 1015; x_wconf 75' lang='grc' dir='ltr'><strong><em>Προποντίδα]</em></strong></span> <span class='ocrx_word' id='word_1_85' title='bbox 804 962 866 1001; x_wconf 91' lang='lat' dir='ltr'>De</span> <span class='ocrx_word' id='word_1_86' title='bbox 896 964 971 1001; x_wconf 85' lang='lat' dir='ltr'>alia</span> <span class='ocrx_word' id='word_1_87' title='bbox 1002 963 1231 1003; x_wconf 69' lang='lat' dir='ltr'>absurditate</span> <span class='ocrx_word' id='word_1_88' title='bbox 1257 978 1330 1002; x_wconf 88' lang='lat' dir='ltr'>non</span> <span class='ocrx_word' id='word_1_89' title='bbox 1361 964 1420 1002; x_wconf 88' lang='lat' dir='ltr'>di-</span> 
     </span>
     <span class='ocr_line' id='line_1_13' title="bbox 33 1030 1430 1080; baseline 0 -11"><span class='ocrx_word' id='word_1_90' title='bbox 33 1044 139 1080; x_wconf 83' lang='lat' dir='ltr'>cam3</span> <span class='ocrx_word' id='word_1_91' title='bbox 191 1030 259 1069; x_wconf 86' lang='lat' dir='ltr'>sed</span> <span class='ocrx_word' id='word_1_92' title='bbox 299 1030 338 1067; x_wconf 86' lang='lat' dir='ltr'>id</span> <span class='ocrx_word' id='word_1_93' title='bbox 373 1044 490 1080; x_wconf 79' lang='lat' dir='ltr'>rogo,</span> <span class='ocrx_word' id='word_1_94' title='bbox 530 1031 684 1067; x_wconf 79' lang='lat' dir='ltr'>ubinam</span> <span class='ocrx_word' id='word_1_95' title='bbox 713 1032 881 1079; x_wconf 81' lang='lat' dir='ltr'>gentium</span> <span class='ocrx_word' id='word_1_96' title='bbox 911 1038 1050 1069; x_wconf 87' lang='lat' dir='ltr'>stantes</span> <span class='ocrx_word' id='word_1_97' title='bbox 1077 1031 1146 1069; x_wconf 91' lang='lat' dir='ltr'>hos</span> <span class='ocrx_word' id='word_1_98' title='bbox 1176 1032 1287 1080; x_wconf 85' lang='lat' dir='ltr'>facit,</span> <span class='ocrx_word' id='word_1_99' title='bbox 1327 1039 1368 1069; x_wconf 92' lang='lat' dir='ltr'>ut</span> <span class='ocrx_word' id='word_1_100' title='bbox 1397 1045 1430 1069; x_wconf 62' lang='lat' dir='ltr'>a&gt;</span> 
     </span>
     <span class='ocr_line' id='line_1_14' title="bbox 31 1096 1422 1148; baseline -0.001 -11"><span class='ocrx_word' id='word_1_101' title='bbox 31 1098 124 1137; x_wconf 78' lang='lat' dir='ltr'>flatu</span> <span class='ocrx_word' id='word_1_102' title='bbox 154 1099 308 1136; x_wconf 82' lang='lat' dir='ltr'>alterius</span> <span class='ocrx_word' id='word_1_103' title='bbox 337 1096 486 1135; x_wconf 83' lang='lat' dir='ltr'>Boreas</span> <span class='ocrx_word' id='word_1_104' title='bbox 516 1096 747 1145; x_wconf 78' lang='lat' dir='ltr'>Propontida</span> <span class='ocrx_word' id='word_1_105' title='bbox 776 1098 937 1146; x_wconf 78' lang='lat' dir='ltr'>perflet?</span> <span class='ocrx_word' id='word_1_106' title='bbox 975 1097 1085 1148; x_wconf 78' lang='lat' dir='ltr'>Ego,</span> <span class='ocrx_word' id='word_1_107' title='bbox 1127 1106 1169 1136; x_wconf 86' lang='lat' dir='ltr'>ut</span> <span class='ocrx_word' id='word_1_108' title='bbox 1201 1100 1302 1147; x_wconf 86' lang='lat' dir='ltr'>quod</span> <span class='ocrx_word' id='word_1_109' title='bbox 1334 1113 1422 1137; x_wconf 89' lang='lat' dir='ltr'>sen-</span> 
     </span>
     <span class='ocr_line' id='line_1_15' title="bbox 33 1164 1430 1216; baseline 0.001 -12"><span class='ocrx_word' id='word_1_110' title='bbox 33 1168 86 1204; x_wconf 85' lang='lat' dir='ltr'>tio</span> <span class='ocrx_word' id='word_1_111' title='bbox 125 1166 269 1214; x_wconf 84' lang='lat' dir='ltr'>dicam,</span> <span class='ocrx_word' id='word_1_112' title='bbox 314 1164 644 1213; x_wconf 81' lang='lat' dir='ltr'>Constantinopoli</span> <span class='ocrx_word' id='word_1_113' title='bbox 679 1164 750 1203; x_wconf 86' lang='lat' dir='ltr'>hoc</span> <span class='ocrx_word' id='word_1_114' title='bbox 785 1168 966 1214; x_wconf 84' lang='lat' dir='ltr'>scriptum</span> <span class='ocrx_word' id='word_1_115' title='bbox 1001 1173 1104 1214; x_wconf 91' lang='lat' dir='ltr'>puto.</span> <span class='ocrx_word' id='word_1_116' title='bbox 1164 1165 1325 1216; x_wconf 80' lang='lat' dir='ltr'>Alioqui</span> <span class='ocrx_word' id='word_1_117' title='bbox 1355 1181 1430 1205; x_wconf 86' lang='lat' dir='ltr'>cur·</span> 
     </span>
     <span class='ocr_line' id='line_1_16' title="bbox 32 1231 1421 1281; baseline 0 -10"><span class='ocrx_word' id='word_1_118' title='bbox 32 1234 80 1272; x_wconf 87' lang='lat' dir='ltr'>de</span> <span class='ocrx_word' id='word_1_119' title='bbox 110 1232 337 1281; x_wconf 85' lang='lat' dir='ltr'>Propontide</span> <span class='ocrx_word' id='word_1_120' title='bbox 369 1231 539 1280; x_wconf 88' lang='lat' dir='ltr'>Scriptor</span> <span class='ocrx_word' id='word_1_121' title='bbox 580 1234 777 1281; x_wconf 73' lang='lat' dir='ltr'>cogitarit,</span> <span class='ocrx_word' id='word_1_122' title='bbox 819 1247 893 1270; x_wconf 90' lang='lat' dir='ltr'>non</span> <span class='ocrx_word' id='word_1_123' title='bbox 936 1234 1060 1271; x_wconf 80' lang='lat' dir='ltr'>video.</span> <span class='ocrx_word' id='word_1_124' title='bbox 1134 1232 1250 1271; x_wconf 83' lang='lat' dir='ltr'>Addo</span> <span class='ocrx_word' id='word_1_125' title='bbox 1289 1242 1421 1272; x_wconf 80' lang='lat' dir='ltr'>votum</span> 
     </span>
     <span class='ocr_line' id='line_1_17' title="bbox 34 1299 1420 1350; baseline 0.001 -11"><span class='ocrx_word' id='word_1_126' title='bbox 34 1301 205 1347; x_wconf 86' lang='lat' dir='ltr'>ejusdem</span> <span class='ocrx_word' id='word_1_127' title='bbox 256 1301 302 1338; x_wconf 88' lang='lat' dir='ltr'>de</span> <span class='ocrx_word' id='word_1_128' title='bbox 350 1300 632 1347; x_wconf 81' lang='lat' dir='ltr'>compescendis</span> <span class='ocrx_word' id='word_1_129' title='bbox 672 1299 902 1350; x_wconf 81' lang='lat' dir='ltr'>Scytharum</span> <span class='ocrx_word' id='word_1_130' title='bbox 943 1302 1228 1340; x_wconf 86' lang='lat' dir='ltr'>excursionibus</span> <span class='ocrx_word' id='word_1_131' title='bbox 1267 1303 1306 1339; x_wconf 90' lang='lat' dir='ltr'>in</span> <span class='ocrx_word' id='word_1_132' title='bbox 1343 1302 1420 1340; x_wconf 88' lang='lat' dir='ltr'>fine</span> 
     </span>
     <span class='ocr_line' id='line_1_18' title="bbox 34 1367 1422 1418; baseline 0.001 -12"><span class='ocrx_word' id='word_1_133' title='bbox 34 1368 215 1418; x_wconf 79' lang='lat' dir='ltr'>Dialogi3</span> <span class='ocrx_word' id='word_1_134' title='bbox 256 1367 355 1405; x_wconf 90' lang='lat' dir='ltr'>unde</span> <span class='ocrx_word' id='word_1_135' title='bbox 385 1369 477 1404; x_wconf 79' lang='lat' dir='ltr'>satis</span> <span class='ocrx_word' id='word_1_136' title='bbox 506 1368 648 1416; x_wconf 89' lang='lat' dir='ltr'>liquet,</span> <span class='ocrx_word' id='word_1_137' title='bbox 679 1370 718 1405; x_wconf 87' lang='lat' dir='ltr'>in</span> <span class='ocrx_word' id='word_1_138' title='bbox 748 1383 791 1406; x_wconf 88' lang='lat' dir='ltr'>ea</span> <span class='ocrx_word' id='word_1_139' title='bbox 820 1370 975 1418; x_wconf 82' lang='lat' dir='ltr'>regione</span> <span class='ocrx_word' id='word_1_140' title='bbox 1004 1369 1216 1418; x_wconf 79' lang='lat' dir='ltr'>habitasse,</span> <span class='ocrx_word' id='word_1_141' title='bbox 1248 1383 1344 1417; x_wconf 84' lang='lat' dir='ltr'>quae</span> <span class='ocrx_word' id='word_1_142' title='bbox 1371 1371 1422 1408; x_wconf 79' lang='lat' dir='ltr'>iis</span> 
     </span>
     <span class='ocr_line' id='line_1_19' title="bbox 34 1434 1423 1487; baseline 0.001 -13"><span class='ocrx_word' id='word_1_143' title='bbox 34 1437 210 1487; x_wconf 84' lang='lat' dir='ltr'>gentibus</span> <span class='ocrx_word' id='word_1_144' title='bbox 248 1437 368 1473; x_wconf 84' lang='lat' dir='ltr'>vicina</span> <span class='ocrx_word' id='word_1_145' title='bbox 402 1441 515 1472; x_wconf 85' lang='lat' dir='ltr'>esset.</span> <span class='ocrx_word' id='word_1_146' title='bbox 572 1434 681 1474; x_wconf 86' lang='lat' dir='ltr'>Vide</span> <span class='ocrx_word' id='word_1_147' title='bbox 716 1438 830 1474; x_wconf 88' lang='lat' dir='ltr'>etiam</span> <span class='ocrx_word' id='word_1_148' title='bbox 864 1435 1005 1474; x_wconf 88' lang='lat' dir='ltr'>Neron.</span> <span class='ocrx_word' id='word_1_149' title='bbox 1047 1451 1081 1475; x_wconf 87' lang='lat' dir='ltr'>c.</span> <span class='ocrx_word' id='word_1_150' title='bbox 1113 1441 1163 1476; x_wconf 57' lang='lat'>6-</span> <span class='ocrx_word' id='word_1_151' title='bbox 1193 1437 1292 1475; x_wconf 90' lang='lat' dir='ltr'>unde</span> <span class='ocrx_word' id='word_1_152' title='bbox 1333 1451 1423 1475; x_wconf 91' lang='lat' dir='ltr'>con-</span> 
     </span>
     <span class='ocr_line' id='line_1_20' title="bbox 36 1502 1422 1555; baseline 0.001 -13"><span class='ocrx_word' id='word_1_153' title='bbox 36 1506 151 1554; x_wconf 86' lang='lat' dir='ltr'>jicio,</span> <span class='ocrx_word' id='word_1_154' title='bbox 181 1510 258 1542; x_wconf 88' lang='lat' dir='ltr'>tres</span> <span class='ocrx_word' id='word_1_155' title='bbox 286 1502 400 1541; x_wconf 88' lang='lat' dir='ltr'>hosce</span> <span class='ocrx_word' id='word_1_156' title='bbox 432 1504 588 1541; x_wconf 79' lang='lat' dir='ltr'>libellos</span> <span class='ocrx_word' id='word_1_157' title='bbox 618 1505 664 1542; x_wconf 91' lang='lat' dir='ltr'>ab</span> <span class='ocrx_word' id='word_1_158' title='bbox 694 1504 828 1543; x_wconf 86' lang='lat' dir='ltr'>eodem</span> <span class='ocrx_word' id='word_1_159' title='bbox 854 1506 935 1543; x_wconf 87' lang='lat' dir='ltr'>viro</span> <span class='ocrx_word' id='word_1_160' title='bbox 965 1506 1149 1555; x_wconf 81' lang='lat' dir='ltr'>scriptos,</span> <span class='ocrx_word' id='word_1_161' title='bbox 1188 1506 1253 1554; x_wconf 85' lang='lat' dir='ltr'>qui</span> <span class='ocrx_word' id='word_1_162' title='bbox 1281 1503 1422 1543; x_wconf 72' lang='lat' dir='ltr'>Lelmii</span> 
     </span>
     <span class='ocr_line' id='line_1_21' title="bbox 35 1569 446 1610; baseline -0.007 0"><span class='ocrx_word' id='word_1_163' title='bbox 35 1570 233 1610; x_wconf 86' lang='lat' dir='ltr'>habitaret.</span> <span class='ocrx_word' id='word_1_164' title='bbox 294 1569 446 1608; x_wconf 74' lang='lat' dir='ltr'>SOLAN.</span> 
     </span>
    </p>

    <p class='ocr_par' dir='ltr' id='par_1_5' title="bbox 37 1633 1420 1744">
     <span class='ocr_line' id='line_1_22' title="bbox 120 1633 1420 1690; baseline 0.002 -13"><span class='ocrx_word' id='word_1_165' title='bbox 120 1638 209 1677; x_wconf 81' lang='lat' dir='ltr'>ead.</span> <span class='ocrx_word' id='word_1_166' title='bbox 252 1638 281 1677; x_wconf 82' lang='lat' dir='ltr'>l.</span> <span class='ocrx_word' id='word_1_167' title='bbox 325 1643 365 1678; x_wconf 86' lang='lat'>7.</span> <span class='ocrx_word' id='word_1_168' title='bbox 410 1633 628 1686; x_wconf 78' lang='grc' dir='ltr'>Κάλων]</span> <span class='ocrx_word' id='word_1_169' title='bbox 673 1637 716 1677; x_wconf 92' lang='grc' dir='ltr'><strong>Α</strong></span> <span class='ocrx_word' id='word_1_170' title='bbox 755 1634 879 1686; x_wconf 75' lang='grc' dir='ltr'><strong><em>κάλος</em></strong></span> <span class='ocrx_word' id='word_1_171' title='bbox 921 1637 1120 1690; x_wconf 77' lang='grc' dir='ltr'><strong><em>σχοινίον,</em></strong></span> <span class='ocrx_word' id='word_1_172' title='bbox 1162 1653 1231 1689; x_wconf 85' lang='lat' dir='ltr'>pro</span> <span class='ocrx_word' id='word_1_173' title='bbox 1273 1634 1420 1687; x_wconf 65' lang='grc' dir='ltr'><strong>κάλως.</strong></span> 
     </span>
     <span class='ocr_line' id='line_1_23' title="bbox 37 1700 1399 1744; baseline -0.001 0"><span class='ocrx_word' id='word_1_174' title='bbox 37 1703 208 1744; x_wconf 66' lang='grc' dir='ltr'>(ἰυγετ.</span> <span class='ocrx_word' id='word_1_175' title='bbox 1395 1700 1399 1704; x_wconf 61' lang='grc'><strong>’</strong></span> 
     </span>
    </p>

    <p class='ocr_par' dir='ltr' id='par_1_6' title="bbox 35 1769 1427 2705">
     <span class='ocr_line' id='line_1_24' title="bbox 125 1769 1423 1824; baseline 0.003 -14"><span class='ocrx_word' id='word_1_176' title='bbox 125 1772 222 1811; x_wconf 71' lang='lat' dir='ltr'>ibid.</span> <span class='ocrx_word' id='word_1_177' title='bbox 268 1769 373 1811; x_wconf 72' lang='grc' dir='ltr'>Τὸν</span> <span class='ocrx_word' id='word_1_178' title='bbox 412 1769 690 1824; x_wconf 65' lang='grc' dir='ltr'>Εὔξεινον]</span> <span class='ocrx_word' id='word_1_179' title='bbox 738 1771 796 1813; x_wconf 77' lang='grc' dir='ltr'>Τὸ</span> <span class='ocrx_word' id='word_1_180' title='bbox 835 1773 889 1821; x_wconf 73' lang='grc' dir='ltr'>εἷς</span> <span class='ocrx_word' id='word_1_181' title='bbox 919 1775 1104 1814; x_wconf 86' lang='lat' dir='ltr'>excidisse</span> <span class='ocrx_word' id='word_1_182' title='bbox 1129 1775 1278 1814; x_wconf 81' lang='lat' dir='ltr'>videtur</span> <span class='ocrx_word' id='word_1_183' title='bbox 1305 1776 1423 1814; x_wconf 86' lang='lat' dir='ltr'>libra-</span> 
     </span>
     <span class='ocr_line' id='line_1_25' title="bbox 37 1839 1425 1892; baseline 0.001 -13"><span class='ocrx_word' id='word_1_184' title='bbox 37 1842 109 1880; x_wconf 88' lang='lat' dir='ltr'>rio.</span> <span class='ocrx_word' id='word_1_185' title='bbox 150 1839 313 1879; x_wconf 74' lang='lat' dir='ltr'>GUYET.</span> <span class='ocrx_word' id='word_1_186' title='bbox 372 1839 451 1879; x_wconf 85' lang='lat' dir='ltr'>Sed</span> <span class='ocrx_word' id='word_1_187' title='bbox 483 1855 596 1890; x_wconf 82' lang='lat' dir='ltr'>saepe</span> <span class='ocrx_word' id='word_1_188' title='bbox 627 1844 808 1880; x_wconf 87' lang='lat' dir='ltr'>omittitur</span> <span class='ocrx_word' id='word_1_189' title='bbox 835 1857 921 1880; x_wconf 89' lang='lat' dir='ltr'>cum</span> <span class='ocrx_word' id='word_1_190' title='bbox 950 1844 1075 1880; x_wconf 82' lang='lat' dir='ltr'>verbis</span> <span class='ocrx_word' id='word_1_191' title='bbox 1103 1843 1302 1892; x_wconf 79' lang='lat' dir='ltr'>veniendi,</span> <span class='ocrx_word' id='word_1_192' title='bbox 1342 1857 1425 1881; x_wconf 90' lang='lat' dir='ltr'>ma-</span> 
     </span>
     <span class='ocr_line' id='line_1_26' title="bbox 35 1904 1423 1961; baseline 0.001 -14"><span class='ocrx_word' id='word_1_193' title='bbox 35 1911 139 1947; x_wconf 82' lang='lat' dir='ltr'>xime</span> <span class='ocrx_word' id='word_1_194' title='bbox 168 1907 364 1957; x_wconf 76' lang='lat' dir='ltr'>Homero,</span> <span class='ocrx_word' id='word_1_195' title='bbox 395 1916 436 1946; x_wconf 90' lang='lat' dir='ltr'>ut</span> <span class='ocrx_word' id='word_1_196' title='bbox 461 1909 511 1947; x_wconf 90' lang='lat' dir='ltr'>Il.</span> <span class='ocrx_word' id='word_1_197' title='bbox 542 1909 580 1947; x_wconf 90' lang='lat' dir='ltr'><em>E</em></span> <span class='ocrx_word' id='word_1_198' title='bbox 590 1937 602 1959; x_wconf 77' lang='lat'><strong><em>‚</em></strong></span> <span class='ocrx_word' id='word_1_199' title='bbox 634 1915 731 1949; x_wconf 82' lang='lat'>773.</span> <span class='ocrx_word' id='word_1_200' title='bbox 787 1909 936 1961; x_wconf 65' lang='grc' dir='ltr'><em>Τροίην</em></span> <span class='ocrx_word' id='word_1_201' title='bbox 960 1904 1062 1955; x_wconf 75' lang='grc' dir='ltr'><strong>ἷξον.</strong></span> <span class='ocrx_word' id='word_1_202' title='bbox 1114 1909 1229 1948; x_wconf 89' lang='lat' dir='ltr'>Plura</span> <span class='ocrx_word' id='word_1_203' title='bbox 1259 1924 1307 1948; x_wconf 87' lang='lat' dir='ltr'>ex</span> <span class='ocrx_word' id='word_1_204' title='bbox 1334 1911 1423 1949; x_wconf 87' lang='lat' dir='ltr'>eod.</span> 
     </span>
     <span class='ocr_line' id='line_1_27' title="bbox 37 1975 1424 2026; baseline 0.001 -12"><span class='ocrx_word' id='word_1_205' title='bbox 37 1975 90 2014; x_wconf 87' lang='lat' dir='ltr'>L.</span> <span class='ocrx_word' id='word_1_206' title='bbox 122 1975 219 2014; x_wconf 83' lang='lat' dir='ltr'>Bos.</span> <span class='ocrx_word' id='word_1_207' title='bbox 260 1977 306 2014; x_wconf 84' lang='lat' dir='ltr'>de</span> <span class='ocrx_word' id='word_1_208' title='bbox 336 1975 474 2024; x_wconf 84' lang='lat' dir='ltr'>Ellips.</span> <span class='ocrx_word' id='word_1_209' title='bbox 515 1991 553 2024; x_wconf 88' lang='lat' dir='ltr'>p.</span> <span class='ocrx_word' id='word_1_210' title='bbox 585 1991 636 2015; x_wconf 89' lang='lat' dir='ltr'>m.</span> <span class='ocrx_word' id='word_1_211' title='bbox 668 1982 763 2017; x_wconf 85' lang='grc'><strong>268.</strong></span> <span class='ocrx_word' id='word_1_212' title='bbox 822 1975 938 2014; x_wconf 86' lang='lat' dir='ltr'>Adde</span> <span class='ocrx_word' id='word_1_213' title='bbox 969 1977 1154 2014; x_wconf 71' lang='lat' dir='ltr'>Nostrum</span> <span class='ocrx_word' id='word_1_214' title='bbox 1196 1991 1308 2026; x_wconf 87' lang='lat' dir='ltr'>supra</span> <span class='ocrx_word' id='word_1_215' title='bbox 1336 1977 1424 2016; x_wconf 84' lang='lat' dir='ltr'>Dea</span> 
     </span>
     <span class='ocr_line' id='line_1_28' title="bbox 40 2039 1427 2095; baseline -0.001 -12"><span class='ocrx_word' id='word_1_216' title='bbox 40 2042 134 2094; x_wconf 86' lang='lat' dir='ltr'>Syr.</span> <span class='ocrx_word' id='word_1_217' title='bbox 173 2058 205 2082; x_wconf 90' lang='lat' dir='ltr'>c.</span> <span class='ocrx_word' id='word_1_218' title='bbox 245 2044 315 2081; x_wconf 87' lang='lat' dir='ltr'>ult.</span> <span class='ocrx_word' id='word_1_219' title='bbox 346 2039 476 2094; x_wconf 69' lang='grc' dir='ltr'><em>γάμον</em></span> <span class='ocrx_word' id='word_1_220' title='bbox 507 2041 628 2092; x_wconf 73' lang='grc' dir='ltr'><em>ἴέναι,</em></span> <span class='ocrx_word' id='word_1_221' title='bbox 673 2051 711 2081; x_wconf 90' lang='lat' dir='ltr'>et</span> <span class='ocrx_word' id='word_1_222' title='bbox 745 2044 787 2081; x_wconf 87' lang='lat' dir='ltr'><em>T</em></span> <span class='ocrx_word' id='word_1_223' title='bbox 785 2042 919 2093; x_wconf 77' lang='lat' dir='ltr'>heogn.</span> <span class='ocrx_word' id='word_1_224' title='bbox 949 2058 987 2083; x_wconf 79' lang='lat' dir='ltr'>V.</span> <span class='ocrx_word' id='word_1_225' title='bbox 1022 2049 1145 2083; x_wconf 85' lang='lat'>1172.</span> <span class='ocrx_word' id='word_1_226' title='bbox 1175 2066 1233 2072; x_wconf 94' lang='lat'>—-—</span> <span class='ocrx_word' id='word_1_227' title='bbox 1272 2041 1427 2095; x_wconf 69' lang='grc' dir='ltr'><em>ἤλυθες</em></span> 
     </span>
     <span class='ocr_line' id='line_1_29' title="bbox 41 2106 1424 2161; baseline 0.001 -12"><span class='ocrx_word' id='word_1_228' title='bbox 41 2106 290 2156; x_wconf 65' lang='grc' dir='ltr'>ἀθανάτους.</span> <span class='ocrx_word' id='word_1_229' title='bbox 351 2110 480 2161; x_wconf 79' lang='lat' dir='ltr'>Quare</span> <span class='ocrx_word' id='word_1_230' title='bbox 509 2109 607 2147; x_wconf 86' lang='lat' dir='ltr'>nihil</span> <span class='ocrx_word' id='word_1_231' title='bbox 634 2112 776 2148; x_wconf 87' lang='lat' dir='ltr'>inserto</span> <span class='ocrx_word' id='word_1_232' title='bbox 807 2110 861 2157; x_wconf 75' lang='grc' dir='ltr'>εἷς</span> <span class='ocrx_word' id='word_1_233' title='bbox 890 2125 983 2160; x_wconf 85' lang='lat' dir='ltr'>opus</span> <span class='ocrx_word' id='word_1_234' title='bbox 1013 2113 1097 2149; x_wconf 88' lang='lat' dir='ltr'>erit.</span> <span class='ocrx_word' id='word_1_235' title='bbox 1129 2111 1277 2152; x_wconf 73' lang='lat' dir='ltr'>RmTz.</span> <span class='ocrx_word' id='word_1_236' title='bbox 1321 2111 1424 2150; x_wconf 78' lang='lat' dir='ltr'>Elli-</span> 
     </span>
     <span class='ocr_line' id='line_1_30' title="bbox 42 2176 1426 2228; baseline 0.001 -12"><span class='ocrx_word' id='word_1_237' title='bbox 42 2181 128 2228; x_wconf 85' lang='lat' dir='ltr'>psin</span> <span class='ocrx_word' id='word_1_238' title='bbox 186 2179 473 2227; x_wconf 79' lang='lat' dir='ltr'>praepositionis</span> <span class='ocrx_word' id='word_1_239' title='bbox 529 2176 585 2223; x_wconf 69' lang='grc' dir='ltr'>εῗς</span> <span class='ocrx_word' id='word_1_240' title='bbox 634 2176 673 2215; x_wconf 88' lang='lat' dir='ltr'>h.</span> <span class='ocrx_word' id='word_1_241' title='bbox 723 2178 752 2215; x_wconf 92' lang='lat' dir='ltr'>l.</span> <span class='ocrx_word' id='word_1_242' title='bbox 804 2181 916 2217; x_wconf 89' lang='lat' dir='ltr'>etiam</span> <span class='ocrx_word' id='word_1_243' title='bbox 966 2177 1210 2218; x_wconf 74' lang='lat' dir='ltr'>Fritzsclu&#39;us</span> <span class='ocrx_word' id='word_1_244' title='bbox 1258 2181 1426 2228; x_wconf 81' lang='lat' dir='ltr'>agnoscit</span> 
     </span>
     <span class='ocr_line' id='line_1_31' title="bbox 43 2244 1425 2299; baseline 0 -15"><span class='ocrx_word' id='word_1_245' title='bbox 43 2246 238 2299; x_wconf 83' lang='lat' dir='ltr'>Quaestst.</span> <span class='ocrx_word' id='word_1_246' title='bbox 293 2261 332 2295; x_wconf 89' lang='lat' dir='ltr'>p.</span> <span class='ocrx_word' id='word_1_247' title='bbox 377 2251 473 2284; x_wconf 86' lang='grc'><strong>212.</strong></span> <span class='ocrx_word' id='word_1_248' title='bbox 543 2244 716 2294; x_wconf 85' lang='lat' dir='ltr'>Ineptam</span> <span class='ocrx_word' id='word_1_249' title='bbox 766 2252 907 2284; x_wconf 87' lang='lat' dir='ltr'>temere</span> <span class='ocrx_word' id='word_1_250' title='bbox 953 2254 1061 2285; x_wconf 81' lang='lat' dir='ltr'>vocat</span> <span class='ocrx_word' id='word_1_251' title='bbox 1109 2246 1303 2297; x_wconf 74' lang='lat' dir='ltr'>BeHuus,</span> <span class='ocrx_word' id='word_1_252' title='bbox 1360 2249 1425 2296; x_wconf 84' lang='lat' dir='ltr'>qui</span> 
     </span>
     <span class='ocr_line' id='line_1_32' title="bbox 43 2309 1426 2364; baseline 0.001 -12"><span class='ocrx_word' id='word_1_253' title='bbox 43 2321 166 2352; x_wconf 77' lang='lat' dir='ltr'>tamen</span> <span class='ocrx_word' id='word_1_254' title='bbox 207 2315 301 2351; x_wconf 88' lang='lat' dir='ltr'>bene</span> <span class='ocrx_word' id='word_1_255' title='bbox 335 2321 483 2361; x_wconf 83' lang='lat' dir='ltr'>monet,</span> <span class='ocrx_word' id='word_1_256' title='bbox 524 2315 563 2350; x_wconf 86' lang='lat' dir='ltr'>in</span> <span class='ocrx_word' id='word_1_257' title='bbox 600 2314 763 2351; x_wconf 81' lang='lat' dir='ltr'>formula</span> <span class='ocrx_word' id='word_1_258' title='bbox 803 2311 869 2350; x_wconf 69' lang='grc' dir='ltr'>διὰ</span> <span class='ocrx_word' id='word_1_259' title='bbox 906 2309 1040 2352; x_wconf 77' lang='grc' dir='ltr'><em>κάλων</em></span> <span class='ocrx_word' id='word_1_260' title='bbox 1072 2311 1256 2364; x_wconf 44' lang='grc' dir='ltr'>οἷᾷξσθαι</span> <span class='ocrx_word' id='word_1_261' title='bbox 1286 2316 1426 2363; x_wconf 84' lang='lat' dir='ltr'>respici</span> 
     </span>
     <span class='ocr_line' id='line_1_33' title="bbox 43 2376 1426 2431; baseline 0.001 -12"><span class='ocrx_word' id='word_1_262' title='bbox 43 2382 320 2431; x_wconf 84' lang='lat' dir='ltr'>proverbialem</span> <span class='ocrx_word' id='word_1_263' title='bbox 356 2382 463 2418; x_wconf 82' lang='lat' dir='ltr'>illam</span> <span class='ocrx_word' id='word_1_264' title='bbox 497 2382 724 2418; x_wconf 87' lang='lat' dir='ltr'>locutionem</span> <span class='ocrx_word' id='word_1_265' title='bbox 762 2376 891 2420; x_wconf 74' lang='grc' dir='ltr'><em>πάντα</em></span> <span class='ocrx_word' id='word_1_266' title='bbox 926 2377 1060 2420; x_wconf 77' lang='grc' dir='ltr'><em>κάλων</em></span> <span class='ocrx_word' id='word_1_267' title='bbox 1091 2386 1232 2430; x_wconf 71' lang='grc' dir='ltr'>κινεῖν,</span> <span class='ocrx_word' id='word_1_268' title='bbox 1275 2382 1321 2420; x_wconf 89' lang='lat' dir='ltr'>de</span> <span class='ocrx_word' id='word_1_269' title='bbox 1353 2396 1426 2431; x_wconf 83' lang='lat' dir='ltr'>qua</span> 
     </span>
     <span class='ocr_line' id='line_1_34' title="bbox 43 2447 1426 2499; baseline 0.001 -12"><span class='ocrx_word' id='word_1_270' title='bbox 43 2456 194 2498; x_wconf 87' lang='lat' dir='ltr'>praeter</span> <span class='ocrx_word' id='word_1_271' title='bbox 233 2449 441 2486; x_wconf 76' lang='lat' dir='ltr'>Erasmum</span> <span class='ocrx_word' id='word_1_272' title='bbox 484 2447 640 2497; x_wconf 61' lang='lat' dir='ltr'>Attagg.</span> <span class='ocrx_word' id='word_1_273' title='bbox 682 2453 730 2498; x_wconf 82' lang='lat'>1,</span> <span class='ocrx_word' id='word_1_274' title='bbox 775 2452 824 2498; x_wconf 83' lang='lat'>4,</span> <span class='ocrx_word' id='word_1_275' title='bbox 873 2451 964 2487; x_wconf 74' lang='lat'>140.</span> <span class='ocrx_word' id='word_1_276' title='bbox 1023 2448 1243 2487; x_wconf 72' lang='lat' dir='ltr'>Barnesz&#39;us</span> <span class='ocrx_word' id='word_1_277' title='bbox 1272 2451 1349 2499; x_wconf 81' lang='lat' dir='ltr'>egit</span> <span class='ocrx_word' id='word_1_278' title='bbox 1377 2451 1426 2489; x_wconf 76' lang='lat' dir='ltr'>ad</span> 
     </span>
     <span class='ocr_line' id='line_1_35' title="bbox 44 2514 1426 2566; baseline 0.001 -13"><span class='ocrx_word' id='word_1_279' title='bbox 44 2516 188 2565; x_wconf 74' lang='lat' dir='ltr'>Eurip.</span> <span class='ocrx_word' id='word_1_280' title='bbox 229 2514 353 2565; x_wconf 78' lang='lat' dir='ltr'>Iphig.</span> <span class='ocrx_word' id='word_1_281' title='bbox 393 2514 485 2553; x_wconf 84' lang='lat' dir='ltr'>Aul.</span> <span class='ocrx_word' id='word_1_282' title='bbox 524 2529 561 2554; x_wconf 89' lang='lat' dir='ltr'>v.</span> <span class='ocrx_word' id='word_1_283' title='bbox 596 2519 718 2554; x_wconf 79' lang='lat'>1249.</span> <span class='ocrx_word' id='word_1_284' title='bbox 791 2515 986 2565; x_wconf 76' lang='lat' dir='ltr'>Significat</span> <span class='ocrx_word' id='word_1_285' title='bbox 1027 2519 1127 2555; x_wconf 87' lang='lat' dir='ltr'>euim</span> <span class='ocrx_word' id='word_1_286' title='bbox 1165 2524 1319 2566; x_wconf 78' lang='lat' dir='ltr'>auctor‘,</span> <span class='ocrx_word' id='word_1_287' title='bbox 1348 2519 1426 2565; x_wconf 34' lang='lat' dir='ltr'>,qui</span> 
     </span>
     <span class='ocr_line' id='line_1_36' title="bbox 44 2583 1425 2632; baseline 0 -10"><span class='ocrx_word' id='word_1_288' title='bbox 44 2583 84 2622; x_wconf 85' lang='lat' dir='ltr'>h.</span> <span class='ocrx_word' id='word_1_289' title='bbox 127 2584 156 2622; x_wconf 92' lang='lat' dir='ltr'>l.</span> <span class='ocrx_word' id='word_1_290' title='bbox 199 2585 336 2622; x_wconf 88' lang='lat' dir='ltr'>summi</span> <span class='ocrx_word' id='word_1_291' title='bbox 381 2584 539 2620; x_wconf 87' lang='lat' dir='ltr'>tumoris</span> <span class='ocrx_word' id='word_1_292' title='bbox 581 2584 797 2631; x_wconf 85' lang='lat' dir='ltr'>exemplum</span> <span class='ocrx_word' id='word_1_293' title='bbox 832 2586 915 2632; x_wconf 85' lang='lat' dir='ltr'>ipse</span> <span class='ocrx_word' id='word_1_294' title='bbox 953 2598 995 2622; x_wconf 90' lang='lat' dir='ltr'>se</span> <span class='ocrx_word' id='word_1_295' title='bbox 1031 2585 1209 2632; x_wconf 86' lang='lat' dir='ltr'>praebet,</span> <span class='ocrx_word' id='word_1_296' title='bbox 1256 2587 1425 2623; x_wconf 70' lang='lat' dir='ltr'>remissis</span> 
     </span>
     <span class='ocr_line' id='line_1_37' title="bbox 47 2649 1426 2705; baseline 0.001 -16"><span class='ocrx_word' id='word_1_297' title='bbox 47 2650 220 2691; x_wconf 80' lang='lat' dir='ltr'>omnibus</span> <span class='ocrx_word' id='word_1_298' title='bbox 246 2649 422 2705; x_wconf 73' lang='lat' dir='ltr'>semibus</span> <span class='ocrx_word' id='word_1_299' title='bbox 455 2649 640 2700; x_wconf 67' lang='lat' dir='ltr'>abneptas</span> <span class='ocrx_word' id='word_1_300' title='bbox 665 2652 778 2704; x_wconf 68' lang='lat' dir='ltr'>ferri</span> <span class='ocrx_word' id='word_1_301' title='bbox 804 2666 931 2690; x_wconf 68' lang='lat' dir='ltr'>manes</span> <span class='ocrx_word' id='word_1_302' title='bbox 963 2667 985 2689; x_wconf 84' lang='lat' dir='ltr'>e</span> <span class='ocrx_word' id='word_1_303' title='bbox 1011 2650 1247 2702; x_wconf 79' lang='lat' dir='ltr'>Propontide</span> <span class='ocrx_word' id='word_1_304' title='bbox 1271 2654 1314 2690; x_wconf 79' lang='lat' dir='ltr'>in</span> <span class='ocrx_word' id='word_1_305' title='bbox 1341 2652 1426 2690; x_wconf 75' lang='lat' dir='ltr'>Eu-</span> 
     </span>
    </p>
   </div>
  </div>
 </body>
</html>
