1768 3125
360 179 1004 214 INNERONEM.
1327 173 1419 217 625

40 303 241 340 recessisse
270 300 433 339 videtur.
493 301 736 353 Quapropter
765 302 803 340 id
831 302 922 340 mihi
951 305 1081 351 sumsi,
1111 310 1152 342 ut
1182 307 1418 357 castigarem,

40 370 139 417 quod
170 384 251 406 raro
282 377 423 407 tantum
453 371 575 407 facere
606 371 734 419 soleo,
766 373 847 417 ejus
877 373 1102 409 versionem.
1162 371 1303 410 Lenm.

124 436 221 474 ibid.
254 428 322 474 Ei)
355 434 448 488 γὰρ
482 433 583 475 οἷδ’
617 433 698 476 ὅτι
724 436 1089 489 χαριζοίμην]
1133 438 1240 477 Haec
1268 448 1418 478 senteu-

39 504 129 541 tiam
159 518 287 541 sanam
315 513 357 541 ut
386 504 523 542 habere
554 507 698 553 possint
727 519 872 542 vereor.
932 505 1157 555 Legendum
1182 516 1285 556 puto,
1315 509 1419 546 tenui

39 570 238 608 admodum
270 574 307 608 in
336 571 434 609 BIss.
465 573 702 620 discrimine,
735 570 780 610 οὐ
809 569 885 625 γὰρ
917 567 1002 610 οἶδ’
1035 569 1085 623 ὅ,
1112 589 1147 612 τι
1180 589 1214 612 κ.
1245 590 1281 613 τ’.
1313 577 1349 613 λ.
1380 582 1418 614 et:

38 640 93 677 sic
121 640 394 691 interpretatus·
416 653 514 677 sum.
577 640 707 679 Gesn.

122 706 209 743 carl.
241 707 268 744 l.
302 712 340 745 8.
368 704 439 753 ’,Ιίς
469 704 631 758 ἀηδὲς
670 702 808 746 οὕτω
849 703 1300 760 φροντιστήριον]
1342 708 1417 748 Vi-

37 773 147 812 detur
175 774 318 823 fingere
350 783 505 824 auctor,
534 773 755 813 Musonium
784 776 823 812 in
852 789 1000 813 carcere
1025 777 1086 813 vel
1115 778 1277 815 vinculis
1316 786 1417 817 certe

36 840 205 879 scholam
233 841 294 879 hic
323 842 475 890 habere,
519 843 614 879 circa
651 844 774 891 ipsum
803 844 901 880 sorte
931 857 1026 891 opus
1052 844 1181 892 paullo
1212 852 1296 883 ante
1325 848 1416 884 reli-

35 916 137 946 ctum
166 922 188 946 a
215 908 377 947 Nerone.
440 908 576 945 Gnsu.

117 975 204 1014 ead.
249 977 278 1014 l.
321 981 386 1015 12.
440 972 514 1014 Τὰ
551 970 845 1025 Ὀλύμπια]
886 974 980 1015 Vid.
1013 976 1200 1018 Philostr.
1245 994 1286 1028 p.
1319 985 1415 1020 192.

34 1041 190 1082 SoLAN.

119 1109 207 1149 ead.
239 1111 269 1150 l.
303 1116 369 1150 13.
412 1106 485 1148 Tc),
524 1106 620 1163 γὰρ
650 1105 729 1149 Πύ
744 1112 799 1149 &c
818 1111 868 1161 α]
911 1110 1125 1163 Absolute,
1171 1121 1212 1152 ut
1241 1111 1414 1154 Lucian.

34 1178 162 1217 Prom.
195 1180 229 1228 ς.
259 1183 300 1217 ’7.
332 1175 375 1217 τὸ
405 1175 480 1231 γὰρ
511 1179 583 1229 τῆς
611 1179 834 1233 κλεπτικῆς..
895 1177 1022 1218 GESN.

119 1245 208 1285 ead.
240 1247 268 1284 l.
290 1250 353 1285 17.
380 1241 479 1284 Τόν
510 1260 559 1285 τε
586 1243 813 1296 βασιλέα
843 1247 942 1284 τῶν
972 1245 1053 1286 ἐπὶ
1082 1243 1173 1298 τὴν
1198 1247 1413 1302 Τροίαν]

24 1314 121 1353 μΒΘΧ
149 1314 388 1352 Achivorum
419 1313 573 1360 Troiam
612 1316 928 1364 oppugnantium,
969 1317 1035 1364 qui
1064 1315 1257 1354 Euboeam
1296 1319 1416 1356 absci-

35 1382 133 1420 derit
175 1381 380 1432 Boeotiae,
420 1383 546 1419 nescio
587 1396 633 1418 an
673 1396 830 1430 usquam
870 1392 1111 1421 memoretur.
1172 1382 1283 1422 Certe
1321 1385 1416 1423 nihil

33 1448 240 1498 Homerus,
270 1449 365 1486 nihil
395 1448 628 1498 Geographi.
688 1449 825 1486 Contra
855 1465 875 1487 a
905 1458 1034 1488 natura
1059 1453 1264 1490 abscissam
1283 1467 1414 1492 omues

34 1517 236 1555 affirmant.
296 1516 490 1565 Suspicari
519 1518 607 1554 licet
634 1518 776 1565 aliquid
806 1516 866 1555 hic
902 1519 1107 1556 excidisse:
1148 1534 1283 1568 nempe
1317 1521 1415 1559 djxit

33 1585 130 1622 forte
171 1591 299 1621 auctor
321 1585 382 1622 ·de
424 1585 488 1622 illa
523 1583 725 1622 Homerica
764 1586 867 1622 fossa
901 1584 952 1624 Il.
982 1585 1041 1626 H.
1079 1585 1252 1625 Nestoris
1300 1602 1414 1626 suasu

32 1653 156 1696 facta;
188 1652 321 1689 deinde
351 1651 564 1700 Neptunum
602 1655 927 1701 commemoravit,
969 1655 1033 1702 qui
1063 1652 1228 1704 Libyam
1263 1655 1414 1705 Hespe—

32 1722 112 1769 ria,
142 1720 180 1757 id
210 1727 289 1769 est,
318 1719 527 1767 Hispania,
562 1721 657 1757 circa
698 1719 827 1767 Gades
855 1722 1102 1770 disjunxerit,
1141 1721 1310 1760 Siciliam
1347 1725 1412 1761 ab·-

32 1790 176 1836 ruperit
203 1789 248 1825 ab
278 1788 409 1835 Italia,
442 1801 462 1825 a
491 1786 652 1825 Boeotia
683 1787 888 1827 Euboeam.
949 1788 1140 1839 Omissis,
1171 1804 1266 1838 quae
1295 1792 1412 1829 inter-

32 1858 128 1905 jecta
157 1856 326 1904 fueraut,
355 1856 454 1893 male
484 1857 562 1904 jam
592 1854 874 1904 Agamemnoni
913 1858 1087 1894 tribuitur
1111 1871 1206 1905 opus
1232 1857 1411 1907 Neptuni,

31 1922 105 1962 hoc
133 1930 214 1972 est,
246 1925 364 1971 ipsius
394 1931 563 1960 naturae.
621 1922 728 1960 Haec
759 1925 941 1971 suspicari
970 1925 1027 1961 sas
1056 1926 1192 1972 suerit,
1223 1938 1272 1962 ne
1300 1927 1411 1963 nimis

7 1991 250 2030 „incredibile
286 1991 428 2038 aliquid
466 1990 528 2027 hic
567 1990 711 2027 dicatur
751 2004 801 2027 ex
842 2004 1005 2039 persona
1034 1989 1218 2029 Musunii.
1277 1991 1412 2031 Caete—

32 2073 119 2096 rum
148 2059 212 2106 qui
243 2058 515 2106 perfossionem
539 2055 674 2094 Isthmi
704 2057 932 2096 Corinthiaci
962 2062 1162 2108 tentarint,
1192 2059 1271 2098 vid.
1300 2060 1410 2100 Plin.

33 2124 88 2165 H.
129 2125 179 2163 N.
228 2124 310 2173 sV,
342 2128 382 2162 4.
418 2138 449 2162 S.
480 2128 518 2163 5.
564 2123 725 2163 Neronis
764 2134 935 2163 conatum
983 2126 1186 2176 describit,
1233 2128 1411 2167 admixtis

33 2194 307 2241 superstitionis
343 2192 586 2240 quibusdam,
630 2193 861 2230 credulitatis
899 2202 998 2232 certe
1036 2197 1226 2244 vestigiis,
1266 2195 1411 2244 Xiphi-

34 2260 138 2298 lz'mes
169 2273 190 2297 e
217 2259 353 2297 Dionis
383 2260 411 2296 l.
446 2263 512 2297 63.
541 2274 580 2308 p.
614 2265 709 2301 722.
754 2259 887 2298 Gnsu.
932 2261 1069 2299 Parum
1099 2276 1187 2300 sane
1216 2265 1410 2311 grrobabile

35 2334 112 2376 est,
151 2326 285 2375 Euripi
328 2326 456 2365 effossi
496 2334 685 2364 auctorem
713 2327 751 2365 h.
792 2329 820 2366 l.
852 2329 934 2367 ·dici
960 2328 1304 2380 Agamemnonem,
1346 2333 1411 2370 vel

35 2397 152 2433 alium
180 2394 411 2432 Graecorum
451 2395 581 2432 ducem
621 2397 831 2443 aequalem.
888 2396 969 2435 Nec
1005 2404 1128 2435 tamen
1166 2400 1287 2447 mag-is
1322 2414 1410 2448 pro-

35 2463 157 2500 babile
186 2462 280 2499 mihi
309 2462 459 2510 quidem
489 2462 659 2510 videtur,
695 2462 934 2502 Homericam
965 2466 1095 2514 illam,
1127 2480 1237 2513 quam
1270 2467 1410 2505 Gesne-

34 2545 103 2568 rus
129 2531 226 2579 vult,
258 2531 414 2578 fossam,
444 2529 615 2568 Nestoris
644 2544 758 2568 suasu
786 2532 935 2580 factam,
965 2531 1004 2570 h.
1034 2533 1062 2570 l.
1094 2534 1255 2582 intelligi
1281 2549 1406 2582 posse,

35 2605 165 2645 utpote
197 2599 369 2635 utilitatis
401 2598 549 2646 quidem
579 2598 829 2649 aliquantum,
871 2600 940 2637 sed
978 2615 1111 2648 partun
1152 2609 1278 2640 tamen
1305 2605 1409 2642 miri-

36 2664 99 2703 fici
125 2671 188 2702 aut
215 2665 405 2715 magnifici
441 2664 784 2719 (μεγαλουργίας)
822 2665 1035 2707 habentem.
1094 2667 1249 2707 LEHM.

84 2728 251 2764 Lucian.‘
270 2728 357 2765 Vol.
381 2729 455 2763 IX.
1035 2722 1070 2762 R
1089 2739 1110 2762 r
