1740 3095
132 1793 286 1827 Homu.

132 1842 198 1880 ω,
229 1841 283 1870 35.

130 1901 168 1934 p.
190 1888 284 1924 585.

298 161 391 204 222

368 493 844 570 ΦΙΛΟΠΑΤΡΙΣ
890 496 936 542 Η
979 493 1603 553 ΔΙΔΑΣΚΟΜΕΝΟΣ.,

391 694 481 741 Arg·
527 697 604 730 Hoc
628 695 786 738 dialogo,
815 709 919 739 quem
941 709 1050 739 neque
1075 697 1239 732 instituti.
1273 708 1383 739 neque
1414 704 1610 740 temporum
1633 704 1666 729 et

302 743 481 779 locorum,
519 753 627 784 neque
658 741 804 783 denique
837 745 915 785 styli
939 745 1084 774 rationes
1113 751 1150 774 ut
1175 754 1252 774 vere
1275 743 1487 774 Lueianeum
1511 743 1666 783 probant,

301 791 426 830 quique
449 789 568 820 a.363.
592 800 624 830 p.
641 787 722 819 Chr.
739 787 1030 831 Constantinopoli
1056 789 1142 819 inter
1170 787 1421 829 expeditionem
1444 787 1573 818 Juliani
1591 785 1668 817 Im-

302 835 465 876 peratoris
489 832 659 864 Persicam
682 834 824 874 scriptus
848 843 917 863 esse
942 833 1096 872 videtur,
1122 833 1299 875 Triephon
1320 839 1352 863 et
1371 832 1494 864 Critias
1517 833 1668 863 oratione

301 879 344 910 ad
358 879 533 916 horrorem
545 889 650 919 usque
662 889 774 920 aspera
794 885 826 908 et
836 877 875 908 ad
901 878 1049 910 taedium
1074 889 1179 919 usque
1202 880 1348 910 affectata
1378 886 1411 908 et.
1432 876 1566 908 tumida
1592 878 1668 909 col-

302 924 490 966 loquuntur
524 924 611 954 inter
645 933 714 953 sese
746 921 788 954 tle
829 923 994 964 religiosis
1029 923 1301 954 Christianorum
1328 924 1422 954 istius
1447 923 1513 953 loci
1539 930 1572 953 et
1595 922 1668 954 aevi

303 964 460 1010 nug‘is'ac
483 967 794 1011 superstitionibus,
820 969 991 1008 imprimis
1015 967 1057 998 de
1079 969 1207 999 arcanis
1231 967 1433 1009 quibusdam
1456 975 1489 998 et
1513 967 1669 998 inanibus

303 1012 623 1055 exspectationibus,
648 1012 689 1043 ad
714 1013 868 1054 proxime
892 1014 1070 1044 instantem
1094 1024 1212 1044 rerum
1235 1014 1448 1055 publicarum
1474 1020 1671 1043 commuta-

304 1060 457 1097 tionem,
480 1069 582 1099 quam
605 1066 681 1089 tum
704 1059 887 1099 temporis,
913 1060 940 1089 si
964 1057 1105 1099 quidem
1136 1066 1225 1088 recte
1250 1066 1380 1099 tempus
1405 1055 1550 1098 conjecit
1581 1052 1670 1088 Ges·

304 1111 419 1143 uerus,
456 1103 640 1135 Christiani
663 1104 879 1144 potissimum
903 1102 944 1134 de
969 1104 1051 1134 belli
1075 1102 1201 1133 Persici
1226 1104 1317 1134 exitu
1340 1104 1528 1143 pernicioso
1560 1109 1594 1133 et
1627 1101 1672 1132 de

306 1150 410 1191 ipsius
443 1148 594 1186 Juliani,
627 1159 732 1189 quem
765 1148 827 1188 ipsi
862 1155 899 1178 ut
932 1156 1114 1190 apostatam
1149 1146 1228 1178 odio
1250 1159 1288 1178 ac
1310 1146 1393 1178 diris
1417 1148 1670 1182 insectarentur.

305 1204 386 1225 nece
411 1193 502 1224 fatali
523 1203 667 1233 sperasse
691 1191 868 1230 videntur,
894 1193 1128 1234 spectantibus.
1176 1190 1282 1232 Cujus
1314 1192 1383 1233 spei
1419 1191 1503 1221 (lum
1538 1191 1670 1222 abomi-

305 1246 429 1269 nantur
452 1238 662 1279 impietatem
687 1237 723 1267 in
746 1237 910 1278 patriam,
935 1253 978 1258 —-
1004 1236 1094 1267 unde
1119 1237 1293 1278 inscriptio
1318 1236 1426 1267 libelli
1452 1232 1672 1278 Philopatris

306 1301 352 1306 -—
375 1282 620 1325 praetervolans
643 1279 771 1312 accedit
797 1281 976 1321 Cleolms,
1015 1283 1185 1322 laetusque
1209 1282 1304 1311 laetis
1329 1281 1467 1311 nunciat
1491 1281 1672 1312 victoriam

308 1328 350 1359 de
373 1328 480 1358 Persis
501 1321 716 1368 reportatam.
765 1326 842 1367 Quo
869 1327 956 1357 sacto
1000 1327 1114 1357 statim
1136 1327 1282 1364 abeunt,
1305 1326 1462 1366 ignotum
1485 1324 1671 1357 Athenien·

307 1375 399 1405 sium
421 1371 526 1404 deum
550 1382 631 1402 cum
654 1371 876 1413 gratulatione
899 1371 1088 1402 adoraturi.

498 1491 724 1524 ΤΡΙΕφΩΝ
732 1485 787 1535 a),
820 1492 1045 1533 ΚΡΙΤῙΑΣ,
1077 1493 1171 1524 ΚΑΙ
1187 1490 1480 1524 ΚΛΕΟΛΑΟΣ.

312 1582 493 1622 ΤΡῙΕΦ.
564 1571 624 1620 Τι’
649 1583 789 1631 τοῦτο,
832 1574 864 1621 ὦ
893 1581 1068 1635 Κριτιά;
1119 1579 1212 1622 ὅλον
1243 1578 1408 1621 σεαυτὸν
1436 1577 1671 1632 ἢλλοίωσας,

306 1650 370 1690 καὶ
411 1647 483 1695 τὰς
520 1646 648 1701 ὀφρῦς
686 1644 794 1688 κάτω
832 1648 1158 1699 συννείἐυκαςῦ),
1207 1645 1351 1700 μύχιον
1391 1647 1434 1686 δὲ
1468 1647 1673 1698 βυσσοδο-

307 1713 512 1768 μεύειςθ),
552 1714 634 1755 ἄνω
672 1716 736 1754 καὶ
764 1711 872 1755 κάτω
902 1717 1143 1768 περιπολῶν,
1184 1711 1492 1768 κερδαλεόφρονι
1523 1711 1671 1763 ἐοικὼς,

309 1781 411 1822 κατὰ
452 1781 519 1822 τὸν
561 1781 752 1834 ποιητὴν,
798 1783 882 1834 [...
923 1775 1052 1835 ὦχρός
1086 1781 1132 1821 τέ
1158 1797 1224 1821 σευ
1251 1776 1326 1820 εἷλε
1356 1777 1558 1833 παρειάς]
1614 1776 1673 1833 μή

309 1866 386 1890 που
423 1846 660 1903 τρικάρηνον
695 1849 912 1899 τεθέασαι;
952 1845 1171 1901 ἢἙκάτην
1201 1848 1242 1895 ἐξ
1271 1845 1370 1904 ᾅδου
1402 1847 1674 1900 ἐληλυθυῖανς

352 1939 394 1982 a]
423 1937 606 1980 TPJE‹I2.]
645 1940 736 1986 „Sic
759 1937 841 1971 Par.
881 1938 1107 1983 Tgneqtfivroc
1140 1947 1202 1971 etc.
1237 1937 1321 1970 BaS.
1354 1941 1386 1969 1.
1418 1946 1450 1969 et
1473 1939 1506 1969 2.
1531 1936 1590 1980 (et
1611 1934 1674 1979 3.)

402 1986 440 2017 1-11
473 1994 548 2016 cett.
586 1984 748 2016 omissa.·‘
821 1981 868 2025 b)
906 1992 928 2015 σ
942 1996 959 2015 υ
972 1994 992 2015 ν
1005 1994 1025 2015 ν
1036 1985 1055 2016 ε’
1065 1994 1085 2016 ν
1097 1993 1112 2015 ε
1123 1995 1143 2015 υ
1156 1994 1176 2015 κ
1190 1994 1211 2014 α
1224 1982 1263 2024 ς]
1309 1983 1546 2022 ,,συνένευκας
1582 1983 1672 2014 Edd.

398 2033 563 2105 ρι-ἰοιῗῖέ·
630 2027 674 2071 ο)
696 2031 718 2070 ῥ’
731 2039 750 2060 υ
764 2037 784 2059 σ
795 2038 814 2060 o
828 2039 846 2062 ο
859 2027 881 2060 δ
894 2039 911 2061 ο
922 2041 950 2073 μ
963 2039 978 2061 ε
991 2024 1009 2061 ύ
1022 2039 1038 2061 ε
1048 2041 1059 2060 ι
1072 2028 1110 2071 ς]
1134 2024 1438 2073 »βυσσοδομεύων
1449 2028 1487 2061 C.
1509 2029 1569 2061 Nil
1588 2039 1674 2060 mu·-

398 2083 443 2106 tat
491 2084 500 2093 ⁴
521 2078 558 2103 ·‘'

310 2229 847 2279 PHILOPATRIS
908 2229 1054 2278 SEU
1104 2229 1240 2293 QUI
1282 2228 1673 2280 DOCETUR.

544 2342 789 2382 TROEPHON,
839 2342 1032 2382 cm'rlAs,
1075 2342 1138 2373 ΕΤ
1182 2341 1430 2372 CLEOLAUS.

319 2441 479 2492 Trieplz.
522 2421 640 2494 Quid
685 2441 756 2480 hoc
806 2444 864 2480 rei
903 2451 975 2492 est,
1015 2449 1171 2491 vagatus
1208 2443 1350 2479 animos
1379 2442 1449 2479 sub
1477 2441 1592 2489 vulpe
1616 2439 1673 2477 la-

314 2499 457 2537 Critia?
486 2507 603 2537 totum
629 2506 665 2536 te
694 2501 861 2536 mutasti.
902 2496 976 2535 Su-
1015 2505 1158 2547 tentes,
1186 2505 1227 2535 ut
1256 2505 1313 2535 est
1339 2499 1378 2535 in
1405 2499 1539 2546 poe'ta,
1569 2495 1673 2533 vide-

313 2557 478 2605 perciliis
539 2556 715 2593 deorsum
778 2556 975 2592 contractis
1013 2556 1066 2592 ris
1094 2555 1354 2602 circumferre,
1384 2566 1520 2601 oraque
1549 2553 1674 2600 pallor

313 2612 516 2660 profundas
563 2612 684 2649 volvis
722 2611 791 2648 sub
826 2617 974 2658 pectore
1014 2617 1178 2659 occupat.
1219 2609 1320 2648 Ntun
1347 2606 1551 2646 Cerberum
1577 2608 1673 2645 victi-

315 2682 422 2706 curas
437 2697 449 2717 ,
487 2681 708 2716 sursumque
735 2673 773 2704 et
799 2666 974 2704 deorsum
1012 2668 1087 2715 sti,
1133 2672 1196 2704 aut
1236 2664 1403 2704 Hecaten
1449 2678 1498 2702 ex
1543 2664 1674 2715 inseris
