1740 3095
315 141 408 182 660
679 152 750 183 ΒΕ
793 150 999 182 AETATE
1033 149 1103 181 ET
1137 150 1377 181 AUCTORE

431 269 538 311 Οὐδὲ
568 266 612 310 o'
643 261 727 309 ὦκα
754 267 876 321 θέμις
904 267 1017 317 τέλος
1045 265 1244 309 θανάτοιο
1271 268 1411 322 κιχείη.
1739 319 1740 326 ¹

314 339 390 379 Hic
416 341 474 378 bis
502 341 612 377 metri
640 339 746 387 leges
774 339 1002 388 migrantur,
1033 345 1071 376 et
1098 344 1311 388 praeterea,
1347 338 1438 387 quid
1466 337 1538 376 hoc
1563 336 1686 389 θέμις
1739 338 1740 373 3

315 409 389 447 sibi
417 409 532 456 velit,
560 420 634 444 non
662 413 836 455 apparet:
868 408 901 444 si
929 407 1037 458 legas
1065 403 1256 456 θέμιστι,
1303 413 1340 444 et
1375 420 1507 445 sensus
1537 409 1686 445 concin-
1737 411 1738 416 ’

316 477 400 513 nior
437 475 606 523 paullum
648 475 743 523 erit,
790 479 826 512 et
863 480 1026 511 metrum
1065 472 1134 510 hac
1173 480 1277 521 parte
1319 475 1499 512 constabit
1536 474 1687 512 melius.

319 540 398 580 Sed
426 556 473 579 an
498 542 550 579 ita
578 541 739 579 voluerit
770 547 922 588 auctor,
961 554 1035 579 non
1063 540 1236 578 dixerim.
1739 589 1740 600 η

400 608 476 646 Ille
506 623 538 648 c.
574 614 639 649 18.
671 607 735 646 καὶ
768 605 898 659 ἕτερον
926 604 999 656 μὲν
1028 602 1170 659 κεύσῃς
1210 606 1265 645 ἐνὶ
1307 605 1469 659 φρεσὶν,
1507 602 1605 646 ἄλλο
1647 605 1691 646 δὲ

319 674 445 729 εἴπῃς,
475 677 597 715 semel
635 682 778 714 tantum
812 675 1018 723 claudicat,
1062 681 1100 713 et
1134 681 1259 723 potest
1284 676 1438 724 reponi,
1478 676 1512 713 si
1550 682 1692 713 tantum

318 742 391 795 μὲν
420 751 507 793 post
547 739 690 795 κεύσῃς
720 743 896 781 colloces.
956 740 1111 790 Septem
1146 742 1303 790 pedibus
1340 742 1502 792 incedit,
1547 756 1581 781 c.
1619 744 1690 782 25.

433 805 661 849 Πνειόνῖων
686 805 784 863 δόρυ
807 809 873 848 καὶ
899 805 1043 860 λόγχας
1071 807 1136 846 καὶ
1156 805 1424 862 λευκολόφους
1446 808 1692 862 τριφαλειάς,

320 885 510 918 truncatus
548 891 598 916 ex
635 876 889 928 Anapaestico
920 876 1201 925 Aristophanis.
1261 876 1340 930 Qui
1379 876 1479 916 hunc
1520 879 1692 926 proxime

322 946 520 994 antecedit,

441 1009 640 1064 Θήγοντες
669 1008 838 1059 ὀδόντας
863 1009 958 1052 κατ’
993 1009 1152 1064 ἀνδρῶν
1179 1007 1477 1062 &vitalem-saw,

323 1081 442 1119 semel
472 1080 677 1129 redundat,
707 1082 765 1118 bis
795 1080 935 1118 deficit.
996 1079 1156 1118 Claudat
1186 1094 1319 1129 agmen
1359 1080 1537 1116 deficiens
1575 1080 1695 1117 tribus

324 1150 464 1197 moris,
496 1149 555 1195 (ut
581 1162 630 1185 ex
656 1149 777 1186 veteri
803 1149 946 1186 ratione
975 1148 1130 1197 loquar,
1162 1161 1234 1196 qua
1260 1148 1397 1197 long-ae
1426 1147 1597 1196 syllabae
1622 1146 1696 1184 duo

324 1221 493 1264 tempora
521 1229 552 1254 s.
578 1209 767 1268 χρόνους,
798 1216 903 1253 brevi
932 1231 1047 1253 unum
1074 1215 1311 1264 tribuebant)
1349 1228 1382 1253 c.
1414 1218 1482 1253 28.

437 1278 559 1333 MJJre
589 1278 861 1335 παραδράμῃς
890 1296 930 1333 γε
963 1282 1079 1322 ποσὶν
1108 1280 1213 1334 μηδὲ
1243 1278 1479 1334 παρέλθοις.

327 1347 371 1386 Si
411 1348 702 1402 παραδραμέῃς
738 1364 778 1401 γε
808 1347 995 1388 πόδεσσιν
1034 1351 1167 1400 legas,
1207 1357 1328 1388 metro
1367 1351 1437 1387 erit
1465 1347 1697 1399 consultum3

326 1419 508 1455 sententia
536 1425 577 1455 ut
605 1432 680 1455 non
709 1420 758 1456 sit
787 1419 912 1466 inepta
941 1425 978 1455 et
1007 1413 1273 1468 ταυτολόγος,
1303 1430 1379 1454 nou
1407 1417 1564 1454 efficies.
1623 1415 1699 1454 Ul-

326 1486 406 1522 timi
435 1484 596 1524 Jambici
625 1500 735 1534 quam
764 1499 896 1534 parum
925 1488 1068 1535 exacti,
1107 1486 1231 1533 quivis
1260 1498 1334 1522 non
1361 1484 1466 1522 rudis
1505 1485 1700 1522 suavitatis

326 1555 495 1600 poeticae
522 1552 637 1591 videt.
696 1553 823 1605 Quam
852 1553 1056 1591 absurdum
1084 1552 1184 1590 illud
1212 1553 1286 1601 sit,
1319 1552 1418 1600 quod
1446 1553 1604 1599 poeticis
1633 1565 1701 1589 vo-

328 1620 468 1657 cabulis
495 1619 818 1670 flexionibusque,
850 1621 1022 1659 omnibus
1051 1620 1131 1658 sere
1158 1621 1197 1656 in
1225 1619 1345 1668 locis,
1382 1621 1494 1657 etiam
1522 1620 1587 1656 ubi
1616 1632 1702 1657 ver-

328 1700 393 1724 sus
422 1700 495 1724 non
523 1687 611 1723 facit
619 1716 630 1734 ,
659 1688 776 1724 utitur
805 1695 955 1736 auctor,
996 1688 1095 1725 malo
1125 1700 1174 1725 ex
1207 1687 1327 1734 ipsius
1356 1687 1518 1725 lectione
1546 1686 1701 1736 dialog-i,

321 1755 633 1802 ‚notationumque
662 1760 877 1793 nostrarum
909 1755 1110 1803 cognosci,
1144 1767 1257 1801 quam
1285 1754 1472 1801 ejusmodi
1501 1754 1704 1802 quisquili-

327 1835 433 1858 arum
463 1822 634 1870 congerie
663 1819 724 1858 hic
749 1834 928 1859 nauseam
955 1821 1174 1868 lectoribus,
1203 1821 1236 1857 si
1267 1822 1330 1867 qui
1354 1821 1507 1870 fuerint,
1537 1822 1694 1859 creari..

411 1886 575 1925 XXIV.
607 1887 794 1936 Copiosus
821 1890 959 1926 mirum
990 1894 1168 1936 quantum
1197 1893 1255 1924 est
1283 1885 1502 1936 Lucianus,
1532 1894 1570 1925 et
1597 1888 1702 1926 varie

329 1969 439 2002 unam
478 1969 586 2003 rem,
622 1956 654 1993 si
690 1956 841 2003 saepius
880 1961 1071 2003 recurrat,
1116 1953 1240 1992 effert.
1298 1952 1374 1991 Hic
1400 1960 1702 2003 noster.,autem„,

331 2037 554 2070 quamquam
592 2023 737 2070 copiam
774 2022 940 2070 aliquam
982 2020 1148 2070 affectat,
1192 2027 1229 2059 et
1270 2022 1339 2058 sub
1377 2023 1526 2060 initium
1563 2023 1703 2071 statim,

332 2098 410 2126 tum
438 2090 530 2127 alias
559 2091 670 2127 etiam
700 2091 908 2139 exergasiis
939 2090 1078 2137 utitur,
1118 2094 1245 2125 tamen
1281 2089 1388 2136 quasi
1426 2088 1545 2126 effusa
1583 2089 1705 2128 semel

322 2157 433 2194 omni
473 2156 727 2206 supellectili,
767 2171 812 2194 eo
854 2155 1010 2195 subinde
1044 2156 1193 2203 inopiae
1230 2155 1436 2204 redigitur,
1475 2162 1517 2192 ut
1555 2155 1602 2200 ad
1644 2169 1704 2206 ea,

333 2237 427 2272 quae
468 2224 676 2261 inconsulte
722 2224 826 2265 velut
860 2223 1111 2275 prodegerat,
1158 2236 1352 2261 recurrere
1391 2236 1491 2263 cum¹
1522 2222 1706 2262 dedecore

335 2304 428 2338 opus
457 2289 603 2328 habeat.
663 2289 721 2328 Ita
748 2291 844 2333 illud
874 2286 957 2329 ἄνω
995 2289 1061 2328 καὶ
1090 2285 1199 2327 κάτω
1226 2289 1459 2341 περιπολεῖν,
1495 2291 1592 2331 intra
1620 2304 1706 2329 ver-

334 2371 401 2395 sus
430 2371 503 2394 non
534 2358 675 2395 multos
704 2372 738 2395 c.
773 2362 811 2396 1.
841 2364 878 2394 et
908 2362 945 2395 2.
975 2358 1034 2395 bis
1072 2358 1199 2405 ponit:
1244 2353 1472 2406 ἄμπνευσον
1514 2357 1587 2395 τοῦ
1623 2355 1706 2395 δει-

336 2425 404 2462 νοῦ
450 2425 516 2462 vix
557 2425 700 2473 aliquot
738 2426 944 2473 interjectis
985 2424 1157 2465 versibus
1193 2438 1227 2462 c.
1266 2428 1308 2462 2.
1344 2425 1503 2472 repetit:
1548 2418 1611 2470 ὥς,
1636 2422 1703 2462 καὶ

335 2487 469 2541 Νιόβη
499 2487 544 2529 τὸ
575 2490 666 2543 πρὶν
696 2505 729 2528 c.
760 2496 798 2529 1.
839 2486 893 2537 ὡς
922 2490 988 2530 καὶ
1014 2487 1176 2542 Ἴκαρος
1213 2486 1258 2529 τὸ
1291 2489 1382 2542 πρὶν
1421 2505 1452 2528 c.
1493 2495 1531 2530 2.
1554 2505 1704 2539 ,parum

333 2560 492 2596 invicem
531 2558 688 2596 distant:
734 2552 920 2609 διάτορον
961 2558 1065 2612 βοᾷν
1105 2558 1163 2594 bis
1192 2570 1226 2596 c.
1259 2561 1298 2595 6.
1338 2564 1376 2595 et
1415 2561 1480 2597 25.
1524 2559 1701 2596 occurrit:

335 2620 430 2669 ιῖἱςτε
460 2621 637 2676 ἐάσωμεν
664 2619 856 2669 τούτους·
887 2619 982 2670 ‹Ugu-
1012 2620 1130 2664 ἔασον
1160 2623 1225 2662 καὶ
1254 2620 1427 2676 ταύτηνξ
1458 2619 1553 2671 dign
1582 2621 1701 2664 ἔασον
