<?xml version="1.0" encoding="UTF-8"?>
<!DOCTYPE html PUBLIC "-//W3C//DTD XHTML 1.0 Transitional//EN"
    "http://www.w3.org/TR/xhtml1/DTD/xhtml1-transitional.dtd">
<html xmlns="http://www.w3.org/1999/xhtml" xml:lang="en" lang="en">
 <head>
  <title>
</title>
<meta http-equiv="Content-Type" content="text/html;charset=utf-8" />
  <meta name='ocr-system' content='tesseract 3.04.00' />
  <meta name='ocr-capabilities' content='ocr_page ocr_carea ocr_par ocr_line ocrx_word'/>
</head>
<body>
  <div class='ocr_page' id='page_1' title='image "./operagraecaetlat09luciuoft_0657.png"; bbox 0 0 1768 3125; ppageno 0'>
   <div class='ocr_carea' id='block_1_1' title="bbox 306 163 1428 212">
    <p class='ocr_par' dir='ltr' id='par_1_1' title="bbox 306 163 1428 212">
     <span class='ocr_line' id='line_1_1' title="bbox 306 163 1428 212; baseline -0.003 0"><span class='ocrx_word' id='word_1_1' title='bbox 306 178 701 212; x_wconf 70' lang='lat' dir='ltr'><strong>PmLorA‘rr-mts</strong></span> <span class='ocrx_word' id='word_1_2' title='bbox 741 177 1095 209; x_wconf 63' lang='lat' dir='ltr'><strong>mssnnmrm.</strong></span> <span class='ocrx_word' id='word_1_3' title='bbox 1335 163 1428 209; x_wconf 77' lang='lat'><strong>647</strong></span> 
     </span>
    </p>
   </div>
   <div class='ocr_carea' id='block_1_2' title="bbox 52 297 1448 2583">
    <p class='ocr_par' dir='ltr' id='par_1_2' title="bbox 52 297 1448 2583">
     <span class='ocr_line' id='line_1_2' title="bbox 55 297 1429 352; baseline -0.005 -9"><span class='ocrx_word' id='word_1_4' title='bbox 55 304 237 351; x_wconf 83' lang='lat' dir='ltr'><strong>ctissimi‚</strong></span> <span class='ocrx_word' id='word_1_5' title='bbox 268 302 408 351; x_wconf 81' lang='lat' dir='ltr'><strong>aliique</strong></span> <span class='ocrx_word' id='word_1_6' title='bbox 435 302 662 350; x_wconf 79' lang='lat' dir='ltr'><strong>complures.</strong></span> <span class='ocrx_word' id='word_1_7' title='bbox 719 298 870 352; x_wconf 82' lang='lat' dir='ltr'><strong>Quibus</strong></span> <span class='ocrx_word' id='word_1_8' title='bbox 898 299 1072 338; x_wconf 80' lang='lat' dir='ltr'><strong>assentiri</strong></span> <span class='ocrx_word' id='word_1_9' title='bbox 1106 311 1154 336; x_wconf 89' lang='lat' dir='ltr'><strong>ne</strong></span> <span class='ocrx_word' id='word_1_10' title='bbox 1183 310 1339 347; x_wconf 73' lang='lat' dir='ltr'><strong>queam,</strong></span> <span class='ocrx_word' id='word_1_11' title='bbox 1380 297 1429 336; x_wconf 79' lang='lat' dir='ltr'><strong>ss-</strong></span> 
     </span>
     <span class='ocr_line' id='line_1_3' title="bbox 53 361 1429 419; baseline -0.006 -9"><span class='ocrx_word' id='word_1_12' title='bbox 53 372 121 410; x_wconf 81' lang='lat' dir='ltr'><strong>lud</strong></span> <span class='ocrx_word' id='word_1_13' title='bbox 150 385 211 409; x_wconf 86' lang='lat' dir='ltr'><strong>me</strong></span> <span class='ocrx_word' id='word_1_14' title='bbox 237 378 384 419; x_wconf 83' lang='lat' dir='ltr'><strong>movet,</strong></span> <span class='ocrx_word' id='word_1_15' title='bbox 427 370 528 419; x_wconf 88' lang='lat' dir='ltr'><strong>quod</strong></span> <span class='ocrx_word' id='word_1_16' title='bbox 570 370 680 406; x_wconf 83' lang='lat' dir='ltr'><strong>unius</strong></span> <span class='ocrx_word' id='word_1_17' title='bbox 710 374 852 405; x_wconf 85' lang='lat' dir='ltr'><strong>tantum</strong></span> <span class='ocrx_word' id='word_1_18' title='bbox 882 361 1180 418; x_wconf 75' lang='grc' dir='ltr'><em>αὐτοκράτορος</em></span> <span class='ocrx_word' id='word_1_19' title='bbox 1219 364 1429 414; x_wconf 85' lang='lat' dir='ltr'><strong>deprehen-</strong></span> 
     </span>
     <span class='ocr_line' id='line_1_4' title="bbox 53 429 1431 486; baseline -0.005 -9"><span class='ocrx_word' id='word_1_20' title='bbox 53 429 147 478; x_wconf 50' lang='lat' dir='ltr'><strong>dam¹</strong></span> <span class='ocrx_word' id='word_1_21' title='bbox 182 440 220 476; x_wconf 88' lang='lat' dir='ltr'><strong>in</strong></span> <span class='ocrx_word' id='word_1_22' title='bbox 263 439 331 476; x_wconf 91' lang='lat' dir='ltr'><strong>illo</strong></span> <span class='ocrx_word' id='word_1_23' title='bbox 385 439 543 486; x_wconf 84' lang='lat' dir='ltr'><strong>epinicio</strong></span> <span class='ocrx_word' id='word_1_24' title='bbox 607 436 852 483; x_wconf 80' lang='lat' dir='ltr'><strong>mentionem,</strong></span> <span class='ocrx_word' id='word_1_25' title='bbox 897 434 936 472; x_wconf 85' lang='lat' dir='ltr'><strong>id</strong></span> <span class='ocrx_word' id='word_1_26' title='bbox 984 432 1083 482; x_wconf 86' lang='lat' dir='ltr'><strong>quod</strong></span> <span class='ocrx_word' id='word_1_27' title='bbox 1131 447 1239 471; x_wconf 83' lang='lat' dir='ltr'><strong>secus</strong></span> <span class='ocrx_word' id='word_1_28' title='bbox 1292 433 1431 471; x_wconf 87' lang='lat' dir='ltr'><strong>sactum</strong></span> 
     </span>
     <span class='ocr_line' id='line_1_5' title="bbox 54 499 1432 556; baseline -0.003 -12"><span class='ocrx_word' id='word_1_29' title='bbox 54 507 274 556; x_wconf 83' lang='lat' dir='ltr'><strong>oportebat,</strong></span> <span class='ocrx_word' id='word_1_30' title='bbox 318 507 350 544; x_wconf 74' lang='lat' dir='ltr'><strong>si</strong></span> <span class='ocrx_word' id='word_1_31' title='bbox 390 506 437 542; x_wconf 85' lang='lat' dir='ltr'><strong>ad</strong></span> <span class='ocrx_word' id='word_1_32' title='bbox 475 504 572 542; x_wconf 87' lang='lat' dir='ltr'><strong>hunc</strong></span> <span class='ocrx_word' id='word_1_33' title='bbox 598 502 830 551; x_wconf 87' lang='lat' dir='ltr'><strong>triumphum</strong></span> <span class='ocrx_word' id='word_1_34' title='bbox 867 503 1084 550; x_wconf 83' lang='lat' dir='ltr'><strong>pertineret.</strong></span> <span class='ocrx_word' id='word_1_35' title='bbox 1141 499 1292 539; x_wconf 80' lang='lat' dir='ltr'><strong>Ambos</strong></span> <span class='ocrx_word' id='word_1_36' title='bbox 1329 503 1432 540; x_wconf 84' lang='lat' dir='ltr'><strong>enim</strong></span> 
     </span>
     <span class='ocr_line' id='line_1_6' title="bbox 53 570 1431 622; baseline -0.005 -9"><span class='ocrx_word' id='word_1_37' title='bbox 53 575 189 612; x_wconf 84' lang='lat' dir='ltr'><strong>fratres</strong></span> <span class='ocrx_word' id='word_1_38' title='bbox 240 580 396 622; x_wconf 82' lang='lat' dir='ltr'><strong>aequato</strong></span> <span class='ocrx_word' id='word_1_39' title='bbox 446 575 529 621; x_wconf 85' lang='lat' dir='ltr'><strong>jure</strong></span> <span class='ocrx_word' id='word_1_40' title='bbox 579 572 780 619; x_wconf 86' lang='lat' dir='ltr'><strong>imperium</strong></span> <span class='ocrx_word' id='word_1_41' title='bbox 827 570 1137 618; x_wconf 76' lang='lat' dir='ltr'><strong>administrasse,</strong></span> <span class='ocrx_word' id='word_1_42' title='bbox 1186 570 1310 606; x_wconf 86' lang='lat' dir='ltr'><strong>notius</strong></span> <span class='ocrx_word' id='word_1_43' title='bbox 1358 575 1431 620; x_wconf 82' lang='lat' dir='ltr'><strong>est,</strong></span> 
     </span>
     <span class='ocr_line' id='line_1_7' title="bbox 55 634 1431 691; baseline -0.003 -12"><span class='ocrx_word' id='word_1_44' title='bbox 55 656 167 691; x_wconf 85' lang='lat' dir='ltr'><strong>quam</strong></span> <span class='ocrx_word' id='word_1_45' title='bbox 197 649 237 679; x_wconf 83' lang='lat' dir='ltr'><strong>ut</strong></span> <span class='ocrx_word' id='word_1_46' title='bbox 267 641 338 678; x_wconf 77' lang='lat' dir='ltr'><strong>(lici</strong></span> <span class='ocrx_word' id='word_1_47' title='bbox 369 655 389 678; x_wconf 91' lang='lat' dir='ltr'><strong>a</strong></span> <span class='ocrx_word' id='word_1_48' title='bbox 418 654 478 678; x_wconf 87' lang='lat' dir='ltr'><strong>me</strong></span> <span class='ocrx_word' id='word_1_49' title='bbox 519 639 664 677; x_wconf 86' lang='lat' dir='ltr'><strong>debeat.</strong></span> <span class='ocrx_word' id='word_1_50' title='bbox 721 637 802 676; x_wconf 88' lang='lat' dir='ltr'><strong>Nec</strong></span> <span class='ocrx_word' id='word_1_51' title='bbox 843 644 923 687; x_wconf 81' lang='lat' dir='ltr'><strong>est,</strong></span> <span class='ocrx_word' id='word_1_52' title='bbox 962 637 1061 686; x_wconf 86' lang='lat' dir='ltr'><strong>quod</strong></span> <span class='ocrx_word' id='word_1_53' title='bbox 1091 635 1252 674; x_wconf 86' lang='lat' dir='ltr'><strong>Lucium</strong></span> <span class='ocrx_word' id='word_1_54' title='bbox 1281 634 1431 676; x_wconf 89' lang='lat' dir='ltr'><strong>Verum</strong></span> 
     </span>
     <span class='ocr_line' id='line_1_8' title="bbox 56 703 1436 754; baseline -0.004 -6"><span class='ocrx_word' id='word_1_55' title='bbox 56 711 182 748; x_wconf 85' lang='lat' dir='ltr'><strong>solum</strong></span> <span class='ocrx_word' id='word_1_56' title='bbox 206 709 388 747; x_wconf 84' lang='lat' dir='ltr'><strong>celebrari</strong></span> <span class='ocrx_word' id='word_1_57' title='bbox 415 708 608 753; x_wconf 84' lang='lat' dir='ltr'><strong>dicamus,</strong></span> <span class='ocrx_word' id='word_1_58' title='bbox 651 707 715 754; x_wconf 87' lang='lat' dir='ltr'><strong>qui</strong></span> <span class='ocrx_word' id='word_1_59' title='bbox 753 707 931 742; x_wconf 86' lang='lat' dir='ltr'><strong>nimirum</strong></span> <span class='ocrx_word' id='word_1_60' title='bbox 971 706 1077 743; x_wconf 86' lang='lat' dir='ltr'><strong>solus</strong></span> <span class='ocrx_word' id='word_1_61' title='bbox 1105 703 1143 741; x_wconf 88' lang='lat' dir='ltr'><strong>id</strong></span> <span class='ocrx_word' id='word_1_62' title='bbox 1171 705 1312 743; x_wconf 87' lang='lat' dir='ltr'><strong>bellum</strong></span> <span class='ocrx_word' id='word_1_63' title='bbox 1337 719 1436 743; x_wconf 83' lang='lat' dir='ltr'><strong>con-</strong></span> 
     </span>
     <span class='ocr_line' id='line_1_9' title="bbox 53 770 1433 826; baseline -0.004 -10"><span class='ocrx_word' id='word_1_64' title='bbox 53 778 210 826; x_wconf 85' lang='lat' dir='ltr'><strong>fecerit,</strong></span> <span class='ocrx_word' id='word_1_65' title='bbox 241 776 420 823; x_wconf 82' lang='lat' dir='ltr'><strong>solusque</strong></span> <span class='ocrx_word' id='word_1_66' title='bbox 447 776 608 824; x_wconf 72' lang='lat' dir='ltr'><strong>gloriam</strong></span> <span class='ocrx_word' id='word_1_67' title='bbox 636 773 722 811; x_wconf 88' lang='lat' dir='ltr'><strong>inde</strong></span> <span class='ocrx_word' id='word_1_68' title='bbox 752 773 824 811; x_wconf 82' lang='lat' dir='ltr'><strong>sibi</strong></span> <span class='ocrx_word' id='word_1_69' title='bbox 852 772 1108 811; x_wconf 81' lang='lat' dir='ltr'><strong>vindicaverit.</strong></span> <span class='ocrx_word' id='word_1_70' title='bbox 1165 770 1433 820; x_wconf 78' lang='lat' dir='ltr'><strong>Praeterquam</strong></span> 
     </span>
     <span class='ocr_line' id='line_1_10' title="bbox 53 838 1433 893; baseline -0.004 -11"><span class='ocrx_word' id='word_1_71' title='bbox 53 847 153 882; x_wconf 87' lang='lat' dir='ltr'><strong>enim</strong></span> <span class='ocrx_word' id='word_1_72' title='bbox 179 843 279 893; x_wconf 83' lang='lat' dir='ltr'><strong>quod</strong></span> <span class='ocrx_word' id='word_1_73' title='bbox 308 857 376 892; x_wconf 87' lang='lat' dir='ltr'><strong>per</strong></span> <span class='ocrx_word' id='word_1_74' title='bbox 404 843 518 880; x_wconf 87' lang='lat' dir='ltr'><strong>duces</strong></span> <span class='ocrx_word' id='word_1_75' title='bbox 548 843 671 879; x_wconf 81' lang='lat' dir='ltr'><strong>onmia</strong></span> <span class='ocrx_word' id='word_1_76' title='bbox 699 849 785 878; x_wconf 87' lang='lat' dir='ltr'><strong>sunt</strong></span> <span class='ocrx_word' id='word_1_77' title='bbox 813 848 943 890; x_wconf 82' lang='lat' dir='ltr'><strong>gesta,</strong></span> <span class='ocrx_word' id='word_1_78' title='bbox 981 838 1090 877; x_wconf 82' lang='lat' dir='ltr'><strong>Vero</strong></span> <span class='ocrx_word' id='word_1_79' title='bbox 1128 840 1277 876; x_wconf 83' lang='lat' dir='ltr'><strong>interim</strong></span> <span class='ocrx_word' id='word_1_80' title='bbox 1305 839 1433 888; x_wconf 88' lang='lat' dir='ltr'><strong>Impe-</strong></span> 
     </span>
     <span class='ocr_line' id='line_1_11' title="bbox 54 907 1433 958; baseline -0.005 -7"><span class='ocrx_word' id='word_1_81' title='bbox 54 919 178 950; x_wconf 87' lang='lat' dir='ltr'><strong>ratore</strong></span> <span class='ocrx_word' id='word_1_82' title='bbox 226 912 265 948; x_wconf 91' lang='lat' dir='ltr'><strong>in</strong></span> <span class='ocrx_word' id='word_1_83' title='bbox 313 909 520 958; x_wconf 86' lang='lat' dir='ltr'><strong>Daphnicis</strong></span> <span class='ocrx_word' id='word_1_84' title='bbox 562 908 790 946; x_wconf 67' lang='lat' dir='ltr'><strong>Antiochiae</strong></span> <span class='ocrx_word' id='word_1_85' title='bbox 839 908 983 945; x_wconf 84' lang='lat' dir='ltr'><strong>deliciis</strong></span> <span class='ocrx_word' id='word_1_86' title='bbox 1030 907 1198 944; x_wconf 83' lang='lat' dir='ltr'><strong>molliter</strong></span> <span class='ocrx_word' id='word_1_87' title='bbox 1247 914 1433 957; x_wconf 83' lang='lat' dir='ltr'><strong>ventrem,</strong></span> 
     </span>
     <span class='ocr_line' id='line_1_12' title="bbox 52 972 1434 1025; baseline -0.005 -6"><span class='ocrx_word' id='word_1_88' title='bbox 52 979 187 1019; x_wconf 80' lang='lat' dir='ltr'><strong>Marco</strong></span> <span class='ocrx_word' id='word_1_89' title='bbox 217 985 343 1017; x_wconf 85' lang='lat' dir='ltr'><strong>autem</strong></span> <span class='ocrx_word' id='word_1_90' title='bbox 372 976 515 1014; x_wconf 87' lang='lat' dir='ltr'><strong>Romae</strong></span> <span class='ocrx_word' id='word_1_91' title='bbox 544 977 816 1025; x_wconf 82' lang='lat' dir='ltr'><strong>rempublicam</strong></span> <span class='ocrx_word' id='word_1_92' title='bbox 845 982 1021 1023; x_wconf 77' lang='lat' dir='ltr'><strong>curante,</strong></span> <span class='ocrx_word' id='word_1_93' title='bbox 1063 980 1105 1011; x_wconf 87' lang='lat' dir='ltr'><strong>ut</strong></span> <span class='ocrx_word' id='word_1_94' title='bbox 1138 975 1245 1012; x_wconf 85' lang='lat' dir='ltr'><strong>testis</strong></span> <span class='ocrx_word' id='word_1_95' title='bbox 1275 981 1333 1011; x_wconf 90' lang='lat' dir='ltr'><strong>est</strong></span> <span class='ocrx_word' id='word_1_96' title='bbox 1360 972 1434 1012; x_wconf 79' lang='lat' dir='ltr'><strong>Ju-</strong></span> 
     </span>
     <span class='ocr_line' id='line_1_13' title="bbox 53 1042 1435 1092; baseline -0.006 -6"><span class='ocrx_word' id='word_1_97' title='bbox 53 1060 145 1085; x_wconf 77' lang='lat' dir='ltr'><strong>Lms</strong></span> <span class='ocrx_word' id='word_1_98' title='bbox 176 1045 464 1086; x_wconf 63' lang='lat' dir='ltr'><strong>GAm-romxus</strong></span> <span class='ocrx_word' id='word_1_99' title='bbox 476 1048 534 1091; x_wconf 70' lang='lat' dir='ltr'><strong>a):</strong></span> <span class='ocrx_word' id='word_1_100' title='bbox 567 1046 644 1092; x_wconf 90' lang='lat' dir='ltr'><strong>jam</strong></span> <span class='ocrx_word' id='word_1_101' title='bbox 673 1051 730 1082; x_wconf 88' lang='lat' dir='ltr'><strong>est</strong></span> <span class='ocrx_word' id='word_1_102' title='bbox 759 1044 890 1092; x_wconf 85' lang='lat' dir='ltr'><strong>paullo</strong></span> <span class='ocrx_word' id='word_1_103' title='bbox 922 1050 1008 1080; x_wconf 88' lang='lat' dir='ltr'><strong>ante</strong></span> <span class='ocrx_word' id='word_1_104' title='bbox 1037 1042 1202 1090; x_wconf 83' lang='lat' dir='ltr'><strong>dictum,</strong></span> <span class='ocrx_word' id='word_1_105' title='bbox 1236 1042 1435 1079; x_wconf 87' lang='lat' dir='ltr'><strong>confirma-</strong></span> 
     </span>
     <span class='ocr_line' id='line_1_14' title="bbox 52 1095 1435 1164; baseline -0.004 -10"><span class='ocrx_word' id='word_1_106' title='bbox 52 1117 162 1164; x_wconf 82' lang='lat' dir='ltr'><strong>rique</strong></span> <span class='ocrx_word' id='word_1_107' title='bbox 202 1121 282 1152; x_wconf 85' lang='lat' dir='ltr'><strong>tum</strong></span> <span class='ocrx_word' id='word_1_108' title='bbox 324 1114 508 1161; x_wconf 86' lang='lat' dir='ltr'><strong>aliorum,</strong></span> <span class='ocrx_word' id='word_1_109' title='bbox 537 1118 631 1164; x_wconf 57' lang='lat' dir='ltr'><strong>§tum</strong></span> <span class='ocrx_word' id='word_1_110' title='bbox 672 1112 844 1160; x_wconf 87' lang='lat' dir='ltr'><strong>ejusdem</strong></span> <span class='ocrx_word' id='word_1_111' title='bbox 873 1095 1178 1156; x_wconf 51' lang='lat' dir='ltr'>CAP1T0L1N1¹5&gt;</span> <span class='ocrx_word' id='word_1_112' title='bbox 1218 1111 1435 1148; x_wconf 83' lang='lat' dir='ltr'><strong>testimonio</strong></span> 
     </span>
     <span class='ocr_line' id='line_1_15' title="bbox 55 1174 1435 1232; baseline -0.004 -11"><span class='ocrx_word' id='word_1_113' title='bbox 55 1189 203 1232; x_wconf 83' lang='lat' dir='ltr'><strong>potest,</strong></span> <span class='ocrx_word' id='word_1_114' title='bbox 259 1179 491 1227; x_wconf 80' lang='lat' dir='ltr'><strong>triumphum</strong></span> <span class='ocrx_word' id='word_1_115' title='bbox 530 1180 672 1227; x_wconf 83' lang='lat' dir='ltr'><strong>pariter</strong></span> <span class='ocrx_word' id='word_1_116' title='bbox 712 1186 892 1226; x_wconf 87' lang='lat' dir='ltr'><strong>utrosque</strong></span> <span class='ocrx_word' id='word_1_117' title='bbox 945 1177 1171 1215; x_wconf 84' lang='lat' dir='ltr'><strong>celebrasse.</strong></span> <span class='ocrx_word' id='word_1_118' title='bbox 1228 1174 1286 1214; x_wconf 77' lang='lat' dir='ltr'><strong>Ita</strong></span> <span class='ocrx_word' id='word_1_119' title='bbox 1332 1179 1435 1216; x_wconf 88' lang='lat' dir='ltr'><strong>enim</strong></span> 
     </span>
     <span class='ocr_line' id='line_1_16' title="bbox 54 1244 1433 1293; baseline -0.004 -4"><span class='ocrx_word' id='word_1_120' title='bbox 54 1252 143 1289; x_wconf 86' lang='lat' dir='ltr'><strong>ille:</strong></span> <span class='ocrx_word' id='word_1_121' title='bbox 188 1248 340 1287; x_wconf 77' lang='lat' dir='ltr'><strong>Habuit</strong></span> <span class='ocrx_word' id='word_1_122' title='bbox 381 1246 482 1285; x_wconf 75' lang='lat' dir='ltr'><strong>Itane</strong></span> <span class='ocrx_word' id='word_1_123' title='bbox 522 1249 774 1284; x_wconf 74' lang='lat' dir='ltr'><strong>reverentiam</strong></span> <span class='ocrx_word' id='word_1_124' title='bbox 812 1245 960 1284; x_wconf 68' lang='lat' dir='ltr'><strong>Illarco</strong></span> <span class='ocrx_word' id='word_1_125' title='bbox 994 1244 1144 1293; x_wconf 65' lang='lat' dir='ltr'><strong>V&#39;erus,</strong></span> <span class='ocrx_word' id='word_1_126' title='bbox 1187 1253 1229 1281; x_wconf 76' lang='lat' dir='ltr'><strong>vt</strong></span> <span class='ocrx_word' id='word_1_127' title='bbox 1262 1247 1433 1293; x_wconf 71' lang='lat' dir='ltr'><strong>nomina,</strong></span> 
     </span>
     <span class='ocr_line' id='line_1_17' title="bbox 56 1312 1437 1371; baseline -0.004 -14"><span class='ocrx_word' id='word_1_128' title='bbox 56 1329 155 1371; x_wconf 73' lang='lat' dir='ltr'><strong>quae</strong></span> <span class='ocrx_word' id='word_1_129' title='bbox 192 1317 266 1356; x_wconf 71' lang='lat' dir='ltr'><strong>sibi</strong></span> <span class='ocrx_word' id='word_1_130' title='bbox 306 1315 439 1354; x_wconf 76' lang='lat' dir='ltr'><strong>delam</strong></span> <span class='ocrx_word' id='word_1_131' title='bbox 469 1316 667 1367; x_wconf 62' lang='lat' dir='ltr'><strong>ficet-cmi,</strong></span> <span class='ocrx_word' id='word_1_132' title='bbox 718 1329 803 1352; x_wconf 81' lang='lat' dir='ltr'><strong>cum</strong></span> <span class='ocrx_word' id='word_1_133' title='bbox 827 1316 973 1367; x_wconf 79' lang='lat' dir='ltr'><strong>fratre</strong></span> <span class='ocrx_word' id='word_1_134' title='bbox 1013 1314 1333 1362; x_wconf 69' lang='lat' dir='ltr'><strong>cormnum’caret,</strong></span> <span class='ocrx_word' id='word_1_135' title='bbox 1371 1312 1437 1351; x_wconf 73' lang='lat' dir='ltr'><strong>die</strong></span> 
     </span>
     <span class='ocr_line' id='line_1_18' title="bbox 55 1380 1436 1436; baseline -0.005 -12"><span class='ocrx_word' id='word_1_136' title='bbox 55 1384 265 1435; x_wconf 70' lang='lat' dir='ltr'><strong>triumphi,</strong></span> <span class='ocrx_word' id='word_1_137' title='bbox 296 1398 406 1436; x_wconf 80' lang='lat' dir='ltr'><strong>quem</strong></span> <span class='ocrx_word' id='word_1_138' title='bbox 432 1385 584 1432; x_wconf 72' lang='lat' dir='ltr'><strong>pariter·</strong></span> <span class='ocrx_word' id='word_1_139' title='bbox 611 1381 870 1421; x_wconf 73' lang='lat' dir='ltr'><strong>celebrarunt.</strong></span> <span class='ocrx_word' id='word_1_140' title='bbox 928 1380 978 1418; x_wconf 87' lang='lat' dir='ltr'><strong>Et</strong></span> <span class='ocrx_word' id='word_1_141' title='bbox 1008 1383 1083 1428; x_wconf 86' lang='lat' dir='ltr'><strong>jam</strong></span> <span class='ocrx_word' id='word_1_142' title='bbox 1116 1387 1201 1418; x_wconf 86' lang='lat' dir='ltr'><strong>ante</strong></span> <span class='ocrx_word' id='word_1_143' title='bbox 1243 1394 1274 1418; x_wconf 92' lang='lat' dir='ltr'><strong>c.</strong></span> <span class='ocrx_word' id='word_1_144' title='bbox 1305 1385 1346 1419; x_wconf 88' lang='lat'><strong>7.</strong></span> <span class='ocrx_word' id='word_1_145' title='bbox 1377 1381 1436 1418; x_wconf 85' lang='lat' dir='ltr'><strong>di-</strong></span> 
     </span>
     <span class='ocr_line' id='line_1_19' title="bbox 56 1446 1438 1502; baseline -0.005 -10"><span class='ocrx_word' id='word_1_146' title='bbox 56 1461 189 1492; x_wconf 82' lang='lat' dir='ltr'><strong>xerat:</strong></span> <span class='ocrx_word' id='word_1_147' title='bbox 211 1462 372 1502; x_wconf 73' lang='lat' dir='ltr'><strong>partum</strong></span> <span class='ocrx_word' id='word_1_148' title='bbox 400 1461 454 1490; x_wconf 79' lang='lat' dir='ltr'><strong>est</strong></span> <span class='ocrx_word' id='word_1_149' title='bbox 487 1449 593 1488; x_wconf 72' lang='lat' dir='ltr'><strong>l⁷ero</strong></span> <span class='ocrx_word' id='word_1_150' title='bbox 622 1465 758 1488; x_wconf 74' lang='lat' dir='ltr'><strong>nomen</strong></span> <span class='ocrx_word' id='word_1_151' title='bbox 786 1450 1008 1497; x_wconf 66' lang='lat' dir='ltr'><strong>Armenici,</strong></span> <span class='ocrx_word' id='word_1_152' title='bbox 1034 1446 1234 1497; x_wconf 68' lang='lat' dir='ltr'><strong>Parthici,</strong></span> <span class='ocrx_word' id='word_1_153' title='bbox 1265 1447 1438 1498; x_wconf 61' lang='lat' dir='ltr'><strong>ssledv&#39;cz‘,</strong></span> 
     </span>
     <span class='ocr_line' id='line_1_20' title="bbox 57 1514 1436 1574; baseline -0.002 -16"><span class='ocrx_word' id='word_1_154' title='bbox 57 1520 163 1574; x_wconf 74' lang='lat' dir='ltr'><strong>quod</strong></span> <span class='ocrx_word' id='word_1_155' title='bbox 186 1523 302 1559; x_wconf 78' lang='lat' dir='ltr'><strong>ctiam</strong></span> <span class='ocrx_word' id='word_1_156' title='bbox 331 1520 478 1557; x_wconf 68' lang='lat' dir='ltr'><strong>Ilffarco</strong></span> <span class='ocrx_word' id='word_1_157' title='bbox 508 1518 658 1556; x_wconf 78' lang='lat' dir='ltr'><strong>Romae</strong></span> <span class='ocrx_word' id='word_1_158' title='bbox 698 1521 830 1567; x_wconf 71' lang='lat' dir='ltr'><strong>agenti</strong></span> <span class='ocrx_word' id='word_1_159' title='bbox 865 1516 1034 1555; x_wconf 66' lang='lat' dir='ltr'><strong>delatum</strong></span> <span class='ocrx_word' id='word_1_160' title='bbox 1073 1525 1140 1554; x_wconf 75' lang='lat' dir='ltr'><strong>est.</strong></span> <span class='ocrx_word' id='word_1_161' title='bbox 1197 1514 1301 1554; x_wconf 65' lang='lat' dir='ltr'><strong>Ill&#39;ud</strong></span> <span class='ocrx_word' id='word_1_162' title='bbox 1338 1517 1436 1555; x_wconf 82' lang='lat' dir='ltr'><strong>sorte</strong></span> 
     </span>
     <span class='ocr_line' id='line_1_21' title="bbox 58 1583 1437 1635; baseline -0.004 -9"><span class='ocrx_word' id='word_1_163' title='bbox 58 1589 131 1626; x_wconf 86' lang='lat' dir='ltr'><strong>dici</strong></span> <span class='ocrx_word' id='word_1_164' title='bbox 159 1589 206 1626; x_wconf 92' lang='lat' dir='ltr'><strong>ab</strong></span> <span class='ocrx_word' id='word_1_165' title='bbox 235 1589 392 1626; x_wconf 73' lang='lat' dir='ltr'><strong>adversa</strong></span> <span class='ocrx_word' id='word_1_166' title='bbox 421 1593 527 1635; x_wconf 81' lang='lat' dir='ltr'><strong>parte</strong></span> <span class='ocrx_word' id='word_1_167' title='bbox 559 1593 710 1634; x_wconf 87' lang='lat' dir='ltr'><strong>posset,</strong></span> <span class='ocrx_word' id='word_1_168' title='bbox 741 1586 1016 1634; x_wconf 70' lang='lat' dir='ltr'><strong>imperatorem</strong></span> <span class='ocrx_word' id='word_1_169' title='bbox 1044 1583 1222 1633; x_wconf 85' lang='lat' dir='ltr'><strong>Verum,</strong></span> <span class='ocrx_word' id='word_1_170' title='bbox 1252 1598 1337 1622; x_wconf 86' lang='lat' dir='ltr'><strong>cum</strong></span> <span class='ocrx_word' id='word_1_171' title='bbox 1364 1586 1437 1622; x_wconf 82' lang='lat' dir='ltr'><strong>ista</strong></span> 
     </span>
     <span class='ocr_line' id='line_1_22' title="bbox 60 1652 1438 1702; baseline -0.005 -7"><span class='ocrx_word' id='word_1_172' title='bbox 60 1657 311 1695; x_wconf 83' lang='lat' dir='ltr'><strong>scriberentur</strong></span> <span class='ocrx_word' id='word_1_173' title='bbox 340 1669 361 1692; x_wconf 90' lang='lat' dir='ltr'><strong>a</strong></span> <span class='ocrx_word' id='word_1_174' title='bbox 389 1654 580 1702; x_wconf 75' lang='lat' dir='ltr'><strong>Luciano,</strong></span> <span class='ocrx_word' id='word_1_175' title='bbox 624 1655 700 1701; x_wconf 81' lang='lat' dir='ltr'><strong>jam</strong></span> <span class='ocrx_word' id='word_1_176' title='bbox 728 1660 809 1691; x_wconf 86' lang='lat' dir='ltr'><strong>tum</strong></span> <span class='ocrx_word' id='word_1_177' title='bbox 838 1654 956 1691; x_wconf 83' lang='lat' dir='ltr'><strong>fuisse</strong></span> <span class='ocrx_word' id='word_1_178' title='bbox 995 1654 1245 1699; x_wconf 81' lang='lat' dir='ltr'><strong>exstinctum,</strong></span> <span class='ocrx_word' id='word_1_179' title='bbox 1289 1652 1438 1699; x_wconf 80' lang='lat' dir='ltr'><strong>solique</strong></span> 
     </span>
     <span class='ocr_line' id='line_1_23' title="bbox 59 1720 1438 1770; baseline -0.006 -8"><span class='ocrx_word' id='word_1_180' title='bbox 59 1724 153 1763; x_wconf 84' lang='lat' dir='ltr'><strong>adeo</strong></span> <span class='ocrx_word' id='word_1_181' title='bbox 183 1722 316 1761; x_wconf 86' lang='lat' dir='ltr'><strong>Marco</strong></span> <span class='ocrx_word' id='word_1_182' title='bbox 345 1721 405 1760; x_wconf 88' lang='lat' dir='ltr'><strong>hic</strong></span> <span class='ocrx_word' id='word_1_183' title='bbox 446 1722 637 1770; x_wconf 80' lang='lat' dir='ltr'><strong>applaudi.</strong></span> <span class='ocrx_word' id='word_1_184' title='bbox 694 1720 745 1758; x_wconf 85' lang='lat' dir='ltr'><strong>Et</strong></span> <span class='ocrx_word' id='word_1_185' title='bbox 787 1734 875 1758; x_wconf 84' lang='lat' dir='ltr'><strong>sane</strong></span> <span class='ocrx_word' id='word_1_186' title='bbox 904 1720 1145 1759; x_wconf 66' lang='lat' dir='ltr'><strong>Eunomus</strong></span> <span class='ocrx_word' id='word_1_187' title='bbox 1186 1724 1228 1768; x_wconf 82' lang='lat'><strong>8,</strong></span> <span class='ocrx_word' id='word_1_188' title='bbox 1270 1723 1308 1758; x_wconf 89' lang='grc'><strong>5.</strong></span> <span class='ocrx_word' id='word_1_189' title='bbox 1352 1733 1438 1756; x_wconf 85' lang='lat' dir='ltr'><strong>cum</strong></span> 
     </span>
     <span class='ocr_line' id='line_1_24' title="bbox 60 1784 1439 1840; baseline -0.005 -10"><span class='ocrx_word' id='word_1_190' title='bbox 60 1791 249 1840; x_wconf 85' lang='lat' dir='ltr'><strong>triumpho</strong></span> <span class='ocrx_word' id='word_1_191' title='bbox 290 1790 491 1839; x_wconf 82' lang='lat' dir='ltr'><strong>Parthico,</strong></span> <span class='ocrx_word' id='word_1_192' title='bbox 532 1788 631 1827; x_wconf 83' lang='lat' dir='ltr'><strong>Veri</strong></span> <span class='ocrx_word' id='word_1_193' title='bbox 670 1790 814 1826; x_wconf 85' lang='lat' dir='ltr'><strong>obitum</strong></span> <span class='ocrx_word' id='word_1_194' title='bbox 853 1789 1045 1838; x_wconf 80' lang='lat' dir='ltr'><strong>conjungit</strong></span> <span class='ocrx_word' id='word_1_195' title='bbox 1074 1788 1298 1825; x_wconf 82' lang='lat' dir='ltr'><strong>arctissime.</strong></span> <span class='ocrx_word' id='word_1_196' title='bbox 1358 1784 1439 1823; x_wconf 83' lang='lat' dir='ltr'><strong>Sed</strong></span> 
     </span>
     <span class='ocr_line' id='line_1_25' title="bbox 60 1854 1437 1906; baseline -0.006 -8"><span class='ocrx_word' id='word_1_197' title='bbox 60 1867 202 1898; x_wconf 87' lang='lat' dir='ltr'><strong>certum</strong></span> <span class='ocrx_word' id='word_1_198' title='bbox 231 1866 303 1906; x_wconf 88' lang='lat' dir='ltr'><strong>est,</strong></span> <span class='ocrx_word' id='word_1_199' title='bbox 334 1858 594 1896; x_wconf 85' lang='lat' dir='ltr'><strong>intercessisse</strong></span> <span class='ocrx_word' id='word_1_200' title='bbox 623 1857 765 1904; x_wconf 83' lang='lat' dir='ltr'><strong>aliquot</strong></span> <span class='ocrx_word' id='word_1_201' title='bbox 793 1870 908 1894; x_wconf 88' lang='lat' dir='ltr'><strong>annos</strong></span> <span class='ocrx_word' id='word_1_202' title='bbox 938 1857 1036 1894; x_wconf 91' lang='lat' dir='ltr'><strong>inter</strong></span> <span class='ocrx_word' id='word_1_203' title='bbox 1064 1854 1295 1902; x_wconf 81' lang='lat' dir='ltr'><strong>triumphum</strong></span> <span class='ocrx_word' id='word_1_204' title='bbox 1322 1855 1437 1892; x_wconf 74' lang='lat' dir='ltr'><strong>istum</strong></span> 
     </span>
     <span class='ocr_line' id='line_1_26' title="bbox 59 1921 1438 1976; baseline -0.005 -10"><span class='ocrx_word' id='word_1_205' title='bbox 59 1934 171 1976; x_wconf 86' lang='lat' dir='ltr'><strong>atque</strong></span> <span class='ocrx_word' id='word_1_206' title='bbox 206 1934 367 1965; x_wconf 86' lang='lat' dir='ltr'><strong>mortem</strong></span> <span class='ocrx_word' id='word_1_207' title='bbox 404 1925 535 1964; x_wconf 87' lang='lat' dir='ltr'><strong>Lucii:</strong></span> <span class='ocrx_word' id='word_1_208' title='bbox 575 1939 646 1962; x_wconf 89' lang='lat' dir='ltr'><strong>nec</strong></span> <span class='ocrx_word' id='word_1_209' title='bbox 684 1938 780 1972; x_wconf 81' lang='lat' dir='ltr'><strong>quae</strong></span> <span class='ocrx_word' id='word_1_210' title='bbox 817 1925 977 1971; x_wconf 86' lang='lat' dir='ltr'><strong>scriptor</strong></span> <span class='ocrx_word' id='word_1_211' title='bbox 1014 1923 1207 1960; x_wconf 83' lang='lat' dir='ltr'><strong>brevitatis</strong></span> <span class='ocrx_word' id='word_1_212' title='bbox 1245 1921 1438 1959; x_wconf 77' lang='lat' dir='ltr'><strong>studiosus</strong></span> 
     </span>
     <span class='ocr_line' id='line_1_27' title="bbox 59 1988 1437 2041; baseline -0.005 -8"><span class='ocrx_word' id='word_1_213' title='bbox 59 1996 271 2033; x_wconf 84' lang='lat' dir='ltr'><strong>narratione</strong></span> <span class='ocrx_word' id='word_1_214' title='bbox 313 1995 528 2041; x_wconf 80' lang='lat' dir='ltr'><strong>conjungit,</strong></span> <span class='ocrx_word' id='word_1_215' title='bbox 565 1998 734 2039; x_wconf 87' lang='lat' dir='ltr'><strong>tempore</strong></span> <span class='ocrx_word' id='word_1_216' title='bbox 773 1991 860 2028; x_wconf 90' lang='lat' dir='ltr'><strong>ideo</strong></span> <span class='ocrx_word' id='word_1_217' title='bbox 902 1997 988 2028; x_wconf 82' lang='lat' dir='ltr'><strong>sunt</strong></span> <span class='ocrx_word' id='word_1_218' title='bbox 1029 1992 1222 2037; x_wconf 86' lang='lat' dir='ltr'><strong>conjuncta</strong></span> <span class='ocrx_word' id='word_1_219' title='bbox 1260 1988 1437 2037; x_wconf 81' lang='lat' dir='ltr'><strong>putanda.</strong></span> 
     </span>
     <span class='ocr_line' id='line_1_28' title="bbox 62 2057 1440 2108; baseline -0.005 -8"><span class='ocrx_word' id='word_1_220' title='bbox 62 2061 141 2101; x_wconf 88' lang='lat' dir='ltr'><strong>Sed</strong></span> <span class='ocrx_word' id='word_1_221' title='bbox 168 2061 262 2099; x_wconf 86' lang='lat' dir='ltr'><strong>haec</strong></span> <span class='ocrx_word' id='word_1_222' title='bbox 291 2075 375 2099; x_wconf 91' lang='lat' dir='ltr'><strong>cum</strong></span> <span class='ocrx_word' id='word_1_223' title='bbox 401 2061 619 2108; x_wconf 83' lang='lat' dir='ltr'><strong>quaestione</strong></span> <span class='ocrx_word' id='word_1_224' title='bbox 650 2065 820 2106; x_wconf 82' lang='lat' dir='ltr'><strong>careant,</strong></span> <span class='ocrx_word' id='word_1_225' title='bbox 864 2057 964 2106; x_wconf 83' lang='lat' dir='ltr'><strong>apud</strong></span> <span class='ocrx_word' id='word_1_226' title='bbox 1002 2071 1067 2096; x_wconf 84' lang='lat' dir='ltr'><strong>cos</strong></span> <span class='ocrx_word' id='word_1_227' title='bbox 1109 2064 1235 2105; x_wconf 86' lang='lat' dir='ltr'><strong>certe,</strong></span> <span class='ocrx_word' id='word_1_228' title='bbox 1275 2058 1338 2104; x_wconf 84' lang='lat' dir='ltr'><strong>qui</strong></span> <span class='ocrx_word' id='word_1_229' title='bbox 1369 2057 1440 2093; x_wconf 76' lang='lat' dir='ltr'><strong>ali-</strong></span> 
     </span>
     <span class='ocr_line' id='line_1_29' title="bbox 63 2122 1439 2179; baseline -0.006 -12"><span class='ocrx_word' id='word_1_230' title='bbox 63 2144 176 2179; x_wconf 85' lang='lat' dir='ltr'><strong>quam</strong></span> <span class='ocrx_word' id='word_1_231' title='bbox 205 2143 288 2167; x_wconf 89' lang='lat' dir='ltr'><strong>cum</strong></span> <span class='ocrx_word' id='word_1_232' title='bbox 317 2127 505 2166; x_wconf 84' lang='lat' dir='ltr'><strong>historicis</strong></span> <span class='ocrx_word' id='word_1_233' title='bbox 534 2128 687 2164; x_wconf 86' lang='lat' dir='ltr'><strong>illorum</strong></span> <span class='ocrx_word' id='word_1_234' title='bbox 716 2133 927 2174; x_wconf 81' lang='lat' dir='ltr'><strong>temporum</strong></span> <span class='ocrx_word' id='word_1_235' title='bbox 956 2125 1244 2162; x_wconf 79' lang='lat' dir='ltr'><strong>familiaritatem</strong></span> <span class='ocrx_word' id='word_1_236' title='bbox 1287 2122 1439 2172; x_wconf 82' lang='lat' dir='ltr'><strong>habent,</strong></span> 
     </span>
     <span class='ocr_line' id='line_1_30' title="bbox 62 2191 1441 2242; baseline -0.005 -7"><span class='ocrx_word' id='word_1_237' title='bbox 62 2197 198 2235; x_wconf 80' lang='lat' dir='ltr'><strong>lubens</strong></span> <span class='ocrx_word' id='word_1_238' title='bbox 227 2196 385 2234; x_wconf 87' lang='lat' dir='ltr'><strong>dimitto.</strong></span> <span class='ocrx_word' id='word_1_239' title='bbox 444 2195 546 2233; x_wconf 81' lang='lat' dir='ltr'><strong>Illud</strong></span> <span class='ocrx_word' id='word_1_240' title='bbox 575 2202 699 2232; x_wconf 83' lang='lat' dir='ltr'><strong>tamen</strong></span> <span class='ocrx_word' id='word_1_241' title='bbox 732 2208 806 2231; x_wconf 87' lang='lat' dir='ltr'><strong>non</strong></span> <span class='ocrx_word' id='word_1_242' title='bbox 835 2207 988 2242; x_wconf 88' lang='lat' dir='ltr'><strong>possum</strong></span> <span class='ocrx_word' id='word_1_243' title='bbox 1018 2193 1109 2241; x_wconf 87' lang='lat' dir='ltr'><strong>quin</strong></span> <span class='ocrx_word' id='word_1_244' title='bbox 1136 2191 1310 2240; x_wconf 81' lang='lat' dir='ltr'><strong>adjiciam</strong></span> <span class='ocrx_word' id='word_1_245' title='bbox 1327 2221 1335 2236; x_wconf 89' lang='lat'><strong><em>‚</em></strong></span> <span class='ocrx_word' id='word_1_246' title='bbox 1366 2205 1441 2228; x_wconf 87' lang='lat' dir='ltr'><strong>non</strong></span> 
     </span>
     <span class='ocr_line' id='line_1_31' title="bbox 65 2257 1442 2312; baseline -0.007 -9"><span class='ocrx_word' id='word_1_247' title='bbox 65 2264 185 2303; x_wconf 85' lang='lat' dir='ltr'><strong>videri</strong></span> <span class='ocrx_word' id='word_1_248' title='bbox 216 2262 411 2302; x_wconf 83' lang='lat' dir='ltr'><strong>Cleolauln</strong></span> <span class='ocrx_word' id='word_1_249' title='bbox 440 2270 635 2312; x_wconf 85' lang='lat' dir='ltr'><strong>nostrum,</strong></span> <span class='ocrx_word' id='word_1_250' title='bbox 680 2263 744 2310; x_wconf 87' lang='lat' dir='ltr'><strong>qui</strong></span> <span class='ocrx_word' id='word_1_251' title='bbox 774 2263 833 2300; x_wconf 80' lang='lat' dir='ltr'><strong>sui</strong></span> <span class='ocrx_word' id='word_1_252' title='bbox 862 2261 1020 2299; x_wconf 83' lang='lat' dir='ltr'><strong>victoria</strong></span> <span class='ocrx_word' id='word_1_253' title='bbox 1048 2259 1291 2307; x_wconf 81' lang='lat' dir='ltr'><strong>Imperatoris</strong></span> <span class='ocrx_word' id='word_1_254' title='bbox 1330 2257 1442 2295; x_wconf 68' lang='lat' dir='ltr'><strong>effer-</strong></span> 
     </span>
     <span class='ocr_line' id='line_1_32' title="bbox 68 2327 1441 2380; baseline -0.007 -10"><span class='ocrx_word' id='word_1_255' title='bbox 68 2340 129 2370; x_wconf 80' lang='lat' dir='ltr'><strong>tur</strong></span> <span class='ocrx_word' id='word_1_256' title='bbox 157 2338 377 2380; x_wconf 78' lang='lat' dir='ltr'><strong>tantopere,</strong></span> <span class='ocrx_word' id='word_1_257' title='bbox 407 2329 610 2368; x_wconf 86' lang='lat' dir='ltr'><strong>Medorum</strong></span> <span class='ocrx_word' id='word_1_258' title='bbox 640 2337 749 2378; x_wconf 84' lang='lat' dir='ltr'><strong>atque</strong></span> <span class='ocrx_word' id='word_1_259' title='bbox 770 2328 978 2367; x_wconf 86' lang='lat' dir='ltr'><strong>Armeniae</strong></span> <span class='ocrx_word' id='word_1_260' title='bbox 1011 2331 1065 2373; x_wconf 90' lang='lat' dir='ltr'><strong>(ut</strong></span> <span class='ocrx_word' id='word_1_261' title='bbox 1085 2327 1342 2364; x_wconf 85' lang='lat' dir='ltr'><strong>distinctarum</strong></span> <span class='ocrx_word' id='word_1_262' title='bbox 1362 2338 1441 2361; x_wconf 88' lang='lat' dir='ltr'><strong>ma-</strong></span> 
     </span>
     <span class='ocr_line' id='line_1_33' title="bbox 66 2394 1441 2450; baseline -0.006 -14"><span class='ocrx_word' id='word_1_263' title='bbox 66 2401 131 2450; x_wconf 76' lang='lat' dir='ltr'><strong>gni</strong></span> <span class='ocrx_word' id='word_1_264' title='bbox 159 2401 307 2448; x_wconf 78' lang='lat' dir='ltr'><strong>imperii</strong></span> <span class='ocrx_word' id='word_1_265' title='bbox 335 2400 522 2447; x_wconf 82' lang='lat' dir='ltr'><strong>partium,</strong></span> <span class='ocrx_word' id='word_1_266' title='bbox 563 2411 726 2446; x_wconf 88' lang='lat' dir='ltr'><strong>suosque</strong></span> <span class='ocrx_word' id='word_1_267' title='bbox 764 2399 836 2436; x_wconf 86' lang='lat' dir='ltr'><strong>sibi</strong></span> <span class='ocrx_word' id='word_1_268' title='bbox 869 2397 1024 2445; x_wconf 81' lang='lat' dir='ltr'><strong>regulos</strong></span> <span class='ocrx_word' id='word_1_269' title='bbox 1053 2394 1297 2439; x_wconf 80' lang='lat' dir='ltr'><strong>habentium)</strong></span> <span class='ocrx_word' id='word_1_270' title='bbox 1335 2406 1441 2429; x_wconf 87' lang='lat' dir='ltr'><strong>men-</strong></span> 
     </span>
     <span class='ocr_line' id='line_1_34' title="bbox 67 2460 1448 2515; baseline -0.007 -10"><span class='ocrx_word' id='word_1_271' title='bbox 67 2470 207 2506; x_wconf 88' lang='lat' dir='ltr'><strong>tionem</strong></span> <span class='ocrx_word' id='word_1_272' title='bbox 235 2467 353 2504; x_wconf 88' lang='lat' dir='ltr'><strong>suisse</strong></span> <span class='ocrx_word' id='word_1_273' title='bbox 381 2467 635 2515; x_wconf 69' lang='lat' dir='ltr'><strong>omissuriun,</strong></span> <span class='ocrx_word' id='word_1_274' title='bbox 665 2478 750 2503; x_wconf 86' lang='lat' dir='ltr'><strong>cum</strong></span> <span class='ocrx_word' id='word_1_275' title='bbox 776 2464 823 2502; x_wconf 86' lang='lat' dir='ltr'><strong>de</strong></span> <span class='ocrx_word' id='word_1_276' title='bbox 851 2464 987 2501; x_wconf 82' lang='lat' dir='ltr'><strong>futuris</strong></span> <span class='ocrx_word' id='word_1_277' title='bbox 1015 2462 1189 2500; x_wconf 85' lang='lat' dir='ltr'><strong>audacter</strong></span> <span class='ocrx_word' id='word_1_278' title='bbox 1213 2460 1306 2498; x_wconf 87' lang='lat' dir='ltr'><strong>adeo</strong></span> <span class='ocrx_word' id='word_1_279' title='bbox 1331 2469 1448 2507; x_wconf 78' lang='lat' dir='ltr'><strong>spon-·</strong></span> 
     </span>
     <span class='ocr_line' id='line_1_35' title="bbox 69 2527 1440 2583; baseline -0.006 -10"><span class='ocrx_word' id='word_1_280' title='bbox 69 2535 155 2575; x_wconf 79' lang='lat' dir='ltr'><strong>deat</strong></span> <span class='ocrx_word' id='word_1_281' title='bbox 169 2565 181 2583; x_wconf 90' lang='lat'><strong>,</strong></span> <span class='ocrx_word' id='word_1_282' title='bbox 212 2535 244 2572; x_wconf 86' lang='lat' dir='ltr'><strong>si</strong></span> <span class='ocrx_word' id='word_1_283' title='bbox 272 2533 383 2571; x_wconf 86' lang='lat' dir='ltr'><strong>modo</strong></span> <span class='ocrx_word' id='word_1_284' title='bbox 412 2535 607 2571; x_wconf 86' lang='lat' dir='ltr'><strong>materiem</strong></span> <span class='ocrx_word' id='word_1_285' title='bbox 635 2534 794 2581; x_wconf 89' lang='lat' dir='ltr'><strong>epinicio</strong></span> <span class='ocrx_word' id='word_1_286' title='bbox 822 2533 880 2569; x_wconf 85' lang='lat' dir='ltr'><strong>illi</strong></span> <span class='ocrx_word' id='word_1_287' title='bbox 907 2538 986 2569; x_wconf 83' lang='lat' dir='ltr'><strong>tmn</strong></span> <span class='ocrx_word' id='word_1_288' title='bbox 1017 2531 1302 2580; x_wconf 83' lang='lat' dir='ltr'><strong>praebuissent,</strong></span> <span class='ocrx_word' id='word_1_289' title='bbox 1341 2527 1440 2577; x_wconf 82' lang='lat' dir='ltr'><strong>quod</strong></span> 
     </span>
    </p>
   </div>
   <div class='ocr_carea' id='block_1_3' title="bbox 114 2630 740 2737">
    <p class='ocr_par' dir='ltr' id='par_1_3' title="bbox 114 2630 740 2737">
     <span class='ocr_line' id='line_1_36' title="bbox 114 2630 740 2677; baseline -0.005 -9"><span class='ocrx_word' id='word_1_290' title='bbox 114 2636 148 2676; x_wconf 86' lang='lat' dir='ltr'><strong>a)</strong></span> <span class='ocrx_word' id='word_1_291' title='bbox 175 2635 217 2668; x_wconf 85' lang='lat' dir='ltr'><strong>In</strong></span> <span class='ocrx_word' id='word_1_292' title='bbox 239 2631 376 2667; x_wconf 80' lang='lat' dir='ltr'><strong>Marco</strong></span> <span class='ocrx_word' id='word_1_293' title='bbox 400 2630 584 2665; x_wconf 76' lang='lat' dir='ltr'><strong>Antonino</strong></span> <span class='ocrx_word' id='word_1_294' title='bbox 609 2645 678 2677; x_wconf 87' lang='lat' dir='ltr'><strong>cap.</strong></span> <span class='ocrx_word' id='word_1_295' title='bbox 704 2634 740 2668; x_wconf 81' lang='lat' dir='ltr'><strong>S.</strong></span> 
     </span>
     <span class='ocr_line' id='line_1_37' title="bbox 115 2688 575 2737; baseline -0.015 -10"><span class='ocrx_word' id='word_1_296' title='bbox 115 2691 154 2733; x_wconf 87' lang='lat' dir='ltr'><strong>b)</strong></span> <span class='ocrx_word' id='word_1_297' title='bbox 177 2688 293 2737; x_wconf 67' lang='lat' dir='ltr'><strong>1¹¹.L·</strong></span> <span class='ocrx_word' id='word_1_298' title='bbox 322 2688 416 2723; x_wconf 73' lang='lat' dir='ltr'><strong>Vero</strong></span> <span class='ocrx_word' id='word_1_299' title='bbox 446 2702 517 2733; x_wconf 81' lang='lat' dir='ltr'><strong>cap.</strong></span> <span class='ocrx_word' id='word_1_300' title='bbox 541 2689 575 2722; x_wconf 88' lang='grc'><strong>8.</strong></span> 
     </span>
    </p>
   </div>
  </div>
 </body>
</html>
