1768 3125
235 177 302 208 1N
350 174 734 209 coNvlvlulvl
776 173 890 206 suu
929 174 1267 208 LAPITHAS.
1352 161 1444 207 375

64 295 176 348 Quae
205 296 305 334 enim
335 309 445 345 capp.
478 299 547 335 39.
576 303 615 334 et
645 298 715 336 46.
745 295 793 334 de
821 292 915 334 Ione
943 303 1141 335 narrantur
1166 309 1349 345 perquam
1379 297 1443 335 ab·

64 365 179 403 surda
226 366 408 413 gravique
449 363 676 413 philosopho
713 363 889 415 indigna,
937 377 1108 403 caussam
1144 365 1325 413 praebent
1362 364 1443 402 ido-

62 446 195 482 neam,
234 433 283 470 ob
320 445 433 481 quam
463 446 538 470 non
566 446 702 483 magna
730 434 844 471 etiam
872 431 961 471 huic
985 431 1356 482 pseudophilosopho
1386 434 1442 470 in-

61 501 157 548 juria
196 500 302 538 illata
330 501 452 539 videri
481 508 626 549 posset.
685 499 863 540 Ceterum
893 502 1015 539 omnis
1043 502 1267 539 narrationis
1294 500 1442 538 indoles

59 575 99 606 et
127 568 230 606 color
258 575 297 606 et
321 570 443 617 ipsius
473 583 622 618 quoque
650 571 869 618 narratoris,
900 569 1001 618 quod
1031 582 1064 607 c.
1094 573 1162 608 34.
1190 569 1238 607 de
1259 570 1441 618 omnitun,

59 637 127 684 qui
162 637 333 674 convivio
374 638 602 686 intererant,
643 650 686 675 ac
720 637 959 686 singulorum
988 636 1299 687 philosophorum
1327 637 1441 674 mori·

58 703 129 741 bus
159 710 197 742 et
224 706 378 754 ingenio
406 705 495 754 sert,
523 705 708 753 judicium
737 706 820 754 ejus
849 706 1001 754 generis
1029 712 1100 753 est,
1129 712 1171 744 ut
1198 707 1319 756 magis
1338 718 1441 743 com-

57 771 259 810 mendetur
307 772 484 822 vulgata,
535 786 648 822 quam
693 772 804 822 ficta,
854 772 983 812 lectio.
1053 770 1120 811 Sic
1168 775 1282 812 etiam
1327 774 1441 812 sentit

56 837 300 878 Fritzschius
326 848 456 878 noster
484 839 682 893 Quaestst.
710 855 752 890 p.
782 845 880 881 208.
921 840 1071 880 Luam.

140 905 228 946 ead.
258 907 288 946 l.
319 912 361 948 7.
391 903 692 959 Ἀπεξύετο]
731 907 799 948 Sic
826 908 897 947 Fe.
955 906 1002 947 In
1039 908 1198 957 reliquis
1232 902 1438 959 ὖπεξύετο,

54 977 177 1013 minus
206 982 308 1024 apte.
332 1016 335 1019 ,
365 974 525 1015 δοιΑΝ.

137 1041 240 1092 Pag.
271 1047 342 1083 73.
371 1043 401 1082 l.
435 1048 474 1084 1.
507 1038 592 1090 (Ως
622 1039 775 1082 οὐδὲν
805 1041 1022 1097 ὄφελος]
1060 1041 1223 1082 Accedit
1250 1041 1324 1082 huc
1352 1056 1438 1082 sen-

53 1112 169 1149 tentia
197 1110 424 1150 Menandri
452 1114 633 1161 canentis,
665 1106 720 1158 ιῦς
749 1108 866 1150 οὗὸἓν
894 1107 919 1163 ἡ
949 1107 1145 1164 μάθησις,
1176 1108 1228 1150 ἂν
1255 1108 1313 1163 μὴ
1342 1112 1437 1158 νοῦς

54 1179 179 1230 παρῇ.
239 1177 320 1217 Sed
344 1180 457 1228 longe
485 1181 646 1218 ulterius
675 1186 819 1228 spectat
846 1181 1030 1219 sententia
1058 1179 1255 1230 Duciani,
1285 1180 1434 1228 sapien·

51 1247 196 1284 tissime
233 1245 295 1284 hic
334 1248 546 1296 monentis,
584 1247 757 1284 inutilem
794 1261 881 1286 esse
920 1261 1069 1286 omnem
1098 1248 1319 1297 scientiam,
1359 1259 1436 1296 qua

51 1327 176 1351 mores
213 1321 251 1352 et
288 1315 365 1353 vita
402 1314 565 1352 humana
603 1328 678 1352 non
706 1314 802 1352 fiunt
830 1316 1128 1365 emendatiores,
1169 1322 1208 1353 et
1236 1314 1434 1364 jucundio-

49 1394 134 1430 res,
177 1380 347 1431 nihilque
385 1383 583 1421 absurdius
624 1395 735 1431 esse,
770 1397 883 1431 quam
913 1384 1111 1433 virtutem,
1153 1382 1250 1422 adde
1279 1389 1317 1420 et
1344 1382 1434 1421 reli-

49 1450 223 1500 gionem,
261 1449 430 1499 profiteri
469 1464 512 1488 ac
547 1450 683 1488 docere
697 1479 710 1500 ‚
763 1451 855 1489 dum
894 1453 929 1489 is
970 1454 1078 1502 ipse,
1130 1452 1195 1501 qui
1235 1450 1432 1499 profitetur

50 1524 90 1556 et
136 1517 246 1556 docet
295 1516 392 1556 nihil
439 1531 571 1557 eorum
612 1524 807 1568 praestat,
858 1533 955 1568 quae
991 1519 1120 1558 laudat
1158 1525 1196 1558 et
1234 1519 1429 1568 praecipit.

49 1583 212 1624 Son-&N-

133 1651 223 1691 ead.
254 1652 284 1691 l.
315 1657 357 1692 2.
396 1652 459 1691 Εἰ
495 1669 524 1703 μ
537 1649 561 1704 ἦ
590 1654 697 1702 τις]
740 1652 832 1692 Post
864 1652 958 1692 haec
982 1654 1096 1693 verba
1123 1655 1163 1692 in
1190 1653 1290 1693 Edd.
1319 1667 1430 1703 prae-

48 1727 107 1759 ter
142 1720 211 1759 Fl.
250 1721 423 1759 omnibus
456 1721 653 1770 legebatur
692 1717 797 1773 ἄρα,
837 1722 938 1760 male
977 1723 1181 1771 repetitmn
1219 1736 1270 1761 ex
1305 1729 1427 1762 antec.

50 1783 196 1840 ὄφελος
228 1779 278 1839 ’ἦν
310 1784 390 1842 ἄρα
419 1795 491 1827 etc.
549 1787 630 1827 Nos
658 1789 811 1838 jubente
838 1788 919 1828 Ms.
950 1788 1047 1840 Reg.
1080 1793 1205 1831 2954.
1236 1789 1333 1828 illud
1361 1790 1426 1829 de-

46 1855 224 1894 levimus.
280 1854 374 1895 Bm.

134 1921 223 1962 ead.
263 1923 291 1962 l.
331 1927 397 1963 14.
448 1922 557 1963 Καὶ,
608 1922 655 1963 οἳ
702 1923 802 1976 μὲν
849 1923 1112 1975 ἰδιῶται]
1160 1923 1298 1963 Mitius
1331 1924 1425 1964 haec

46 1991 177 2040 paullo
218 1993 386 2041 exagitat
414 1991 640 2041 Alciplwon
666 1991 751 2042 III,
790 1991 865 2040 Ep.
897 1993 968 2031 55.
1005 2006 1092 2041 pag.
1124 1997 1220 2032 408.
1262 1990 1313 2031 Οἱ
1349 1991 1423 2044 μὲν

0 2074 4 2079 ·
49 2050 122 2097 οὗν
151 2054 287 2107 ἄλλοι,
319 2060 391 2107 ait,
433 2055 512 2097 ἀπ’
542 2056 673 2111 ἀρχῆς
701 2058 757 2105 εἷς
785 2057 899 2105 τέλος
927 2058 1213 2110 παραπλησίαν
1237 2057 1325 2100 τινὰ
1355 2060 1421 2099 καὶ

48 2122 122 2176 τὴν
149 2122 272 2176 αὐτὴν
301 2121 404 2175 εἶχον
433 2126 505 2176 τῆς
534 2122 748 2173 ἑστιάσεως
773 2123 845 2177 τὴν
875 2123 1144 2165 ἀκολουθίαν·
1185 2125 1222 2165 οἱ
1251 2124 1421 2180 φιλόσο-

50 2206 120 2246 (soc
149 2189 212 2240 δὲ,
244 2188 451 2245 προϊόντος
478 2194 550 2232 τοῦ
579 2192 828 2243 συμποσίου,
859 2193 924 2232 καὶ
953 2195 1025 2246 τῆς
1054 2193 1291 2248 φιλοτησίας
1321 2209 1419 2234 συν-

49 2261 148 2311 εχῶς
185 2258 540 2313 περισοβουμένης,
593 2256 715 2308 ἄλλος
752 2256 877 2313 ἄλλην
914 2262 1116 2315 τερατείαν
1156 2260 1417 2309 ἐπεδείξαντο.

49 2327 138 2380 Quo
166 2328 252 2367 loco
279 2327 418 2378 Bergl.
451 2329 652 2380 observat,
690 2328 911 2370 Lum'anum
937 2329 1030 2370 haec
1058 2338 1096 2370 et
1123 2331 1270 2380 reliqua
1299 2330 1419 2369 multo

46 2396 217 2435 acerbius
245 2402 414 2435 tractare.
472 2397 627 2437 Rssrrz.

131 2462 235 2514 Pag.
267 2467 335 2504 74.
360 2464 390 2502 l.
421 2466 460 2505 5.
485 2459 534 2504 ‘O
562 2461 877 2515 θαυμάσιος
903 2464 959 2504 δὲ
982 2461 1303 2516 Ἀλκιδάμας
1330 2464 1416 2503 καὶ

48 2527 286 2583 ἔνούρει]
327 2530 471 2571 Eadem
510 2534 592 2571 fere
618 2547 752 2572 rursus
780 2533 968 2583 Alciphr.
998 2533 1072 2582 Ep.
1103 2548 1216 2583 saepe
1245 2534 1416 2583 adlegata

47 2597 201 2638 L.111.
239 2614 277 2649 p.
309 2602 408 2640 412.
465 2599 635 2650 Nempe:
683 2595 704 2638 ὁ
742 2597 866 2641 Κύων
907 2601 951 2641 δὲ
988 2603 1129 2655 πρῶτα
1171 2596 1277 2653 οὔρει
1312 2598 1416 2640 κατὰ

48 2662 121 2717 τὴν
156 2664 319 2719 κυνικὴν
356 2664 601 2722 ἀδιαφορίαν
639 2666 696 2716 εἷς
733 2664 869 2724 σύρμα
890 2666 1078 2721 χαλάσας
1107 2668 1173 2708 καὶ
1202 2667 1342 2714 καθεὶς
1368 2665 1415 2708 τὸ
