1740 3095
309 160 401 203 606
638 150 1404 211 ΑΒΝόΤΑΤιοΝΕε

307 293 546 333 delectantur
574 291 649 330 Dii
687 290 929 341 stupidorum,
968 292 1046 340 (de
1074 294 1199 332 mimis
1227 293 1422 342 loquitur)
1471 295 1574 333 rasis
1607 309 1675 334 ca-

299 362 462 412 pitibus.
532 358 727 411 Quaedam
782 361 895 398 etiam
964 361 1001 398 in
1063 359 1158 399 hanc
1220 364 1439 400 sententiam
1502 370 1677 401 annotata

306 437 392 470 sunt
429 430 475 467 ad
515 426 686 466 Luciam
720 420 883 475 *Lapith.
923 441 955 466 c.
1004 432 1067 465 18.
1106 442 1128 465 a
1166 428 1379 467 doctissimo
1420 432 1500 468 viro
1535 430 1675 476 Alme-

301 499 483 536 Zoveenio.
533 495 639 533 Add.
675 493 814 532 Juven.
844 493 908 542 V,
944 498 1035 534 171.
1069 494 1236 534 Gamala.
1271 496 1319 533 ad
1349 496 1462 535 Pers.
1496 512 1534 546 p.
1578 502 1672 536 100.

307 566 450 603 Graev.
481 563 528 600 ad
554 560 725 600 Luciam.
777 560 927 600 Soloec.
972 577 1010 610 p.
1051 565 1148 601 744.
1205 561 1264 600 Ne
1313 564 1401 611 quid
1438 571 1560 602 tamen
1597 564 1674 602 dis-

301 632 502 680 simulem,
549 630 699 668 videtur
759 628 852 668 mihi
890 628 1081 677 Triephon
1121 630 1169 667 ad
1208 631 1430 668 clericorum
1480 638 1672 670 tonsuram

300 701 516 747 respicere,
546 699 652 745 cujus
679 704 715 734 et
741 697 871 745 paullo
902 704 986 734 ante
1015 698 1112 736 facta
1139 700 1279 735 mentio
1307 700 1468 748 clarior,
1506 700 1572 736 ubi
1597 713 1673 736 κα-

300 766 470 816 κοείμων
499 778 581 811 τις,
625 763 666 809 ἐξ
697 760 820 814 ὀρέων
850 759 1192 815 παραγηόμενος,
1232 764 1471 817 κεκαρμένος
1499 762 1571 816 τὴν
1600 760 1673 804 κό-

299 849 380 885 μην
405 839 645 870 memoratur.
709 831 892 880 Gregorii
928 833 1028 869 enim
1057 832 1306 870 Nazianzeni
1334 840 1452 871 aetate
1482 840 1673 871 tonsuram

298 904 340 940 in
375 915 446 939 usu
486 901 627 948 fuisse,
671 913 745 937 non
782 900 1018 947 improbabili
1054 901 1265 946 conjectura
1306 914 1354 938 ex
1382 900 1569 938 DIaximi
1598 901 1674 951 Gy-

298 972 379 1007 m'ci
408 969 670 1006 constitutione
700 967 872 1015 elicitur,
901 966 948 1003 de
978 979 1048 1014 qua
1074 966 1233 1014 loquens
1265 965 1508 1015 Nicephorus
1534 966 1589 1006 H.
1622 966 1673 1006 Ε.

302 1041 368 1083 12,
403 1041 469 1074 11.
499 1050 537 1083 p.
569 1037 664 1072 240.
706 1032 771 1071 καὶ
810 1030 883 1078 τὰς
923 1030 1096 1080 ἐκείνου,
1150 1035 1296 1082 inquit,
1334 1030 1497 1079 κυνικάς
1533 1032 1674 1084 τρζχας

298 1099 488 1153 περιελών
525 1116 562 1139 κ.
589 1115 623 1138 τ.
656 1101 693 1139 λ.
752 1100 802 1137 Et
840 1115 886 1138 ne
922 1102 1053 1149 nug-ari
1093 1114 1161 1138 suo
1199 1114 1303 1138 more
1341 1108 1516 1148 putemus
1555 1101 1674 1139 Nice-

290 1169 486 1220 phorum,
522 1175 672 1217 praesto
711 1175 768 1206 est
803 1166 1084 1216 Theodoritus‚
1125 1168 1190 1215 qui
1226 1166 1279 1205 H.
1310 1166 1357 1205 E.
1390 1171 1430 1217 4,
1462 1173 1502 1207 8.
1548 1163 1676 1217 Τιμό-’

297 1239 418 1284 (hog,
457 1238 601 1286 inquit,
643 1229 663 1274 ὅ
706 1236 777 1285 τῆς
806 1231 1097 1282 Ἀλεξανδρέων
1120 1232 1357 1280 Ἐπίσκοπος
1388 1257 1437 1264 —-
1470 1232 1557 1273 ἀντὶ
1596 1235 1669 1274 τοῦ

297 1303 535 1355 θαυμασίου
565 1301 605 1341 Γ
604 1301 790 1355 ρηγορίου
820 1301 1067 1350 (Nazianzeni
1096 1305 1202 1350 puta)
1241 1298 1436 1352 ΖΗάξιμόν
1474 1317 1564 1340 τινα
1604 1316 1671 1341 κε-

294 1368 549 1424 χειροτόνηκε
590 1367 770 1419 κυνικὸν,
824 1366 948 1416 εὐθὺς
987 1367 1111 1407 αὐτοῦ
1150 1366 1224 1415 τὰς
1262 1367 1425 1415 κυιίκὰς
1458 1366 1672 1420 ἀποκείρας

296 1439 449 1491 τρίχας.
508 1438 588 1476 Nec
625 1439 731 1487 parvi
768 1440 948 1475 momenti
986 1444 1096 1485 sunt,
1147 1451 1240 1486 quae
1278 1435 1368 1476 Jac.
1406 1434 1671 1490 Gothofwdus

297 1522 347 1546 ex
372 1508 537 1544 sontibus
562 1508 706 1544 monuit
738 1505 784 1542 ad
822 1505 851 1543 l.
885 1509 952 1543 38.
1012 1502 1159 1541 Codicis
1188 1504 1334 1542 Theod.
1377 1505 1423 1543 de
1452 1504 1668 1556 Episcopis‚

296 1577 360 1613 ubi
390 1576 436 1611 ob
464 1570 636 1625 ξύρισμα
665 1570 865 1623 γυροειὸἓς
893 1581 1092 1610 coronatos
1133 1573 1341 1620 appellatos
1384 1586 1467 1610 esse
1497 1574 1669 1623 clericos,

295 1649 334 1680 et
363 1642 546 1679 clericalis
575 1641 807 1678 reverentiae
828 1653 963 1676 nomen
987 1653 1165 1677 coronam
1184 1640 1302 1676 fuisse
1320 1642 1395 1687 jam
1419 1641 1515 1678 circa
1533 1640 1670 1679 haecce

296 1717 490 1757 tempora,
521 1708 731 1745 luculenter
759 1707 942 1753 probavit.
1001 1705 1078 1743 Sed
1108 1706 1154 1744 de
1183 1705 1242 1743 his
1273 1708 1382 1744 aliter
1411 1707 1580 1746 Salmas.
1620 1707 1668 1746 de

297 1791 402 1815 coma
431 1791 470 1824 p.
506 1778 599 1813 158.
657 1772 860 1822 Viderint,
891 1774 956 1822 qui
984 1772 1108 1810 dedita
1137 1787 1250 1821 opera
1277 1773 1388 1822 hujus
1410 1777 1668 1823 antiquitatem

296 1846 393 1881 ritus
423 1849 592 1880 tractant.
654 1841 779 1879 Gesn.

381 1909 468 1947 ead.
519 1910 546 1946 l.
587 1914 624 1947 0.
659 1904 882 1957 Ἄσιτοι]
932 1906 976 1944 In
1014 1908 1096 1955 ipsa
1134 1904 1327 1955 Scriptura
1367 1904 1410 1944 S.
1455 1907 1666 1955 aliquorum

296 1980 436 2016 mentio
466 1977 532 2025 fit,
571 1978 637 2024 qui
665 1976 817 2024 jejuniis
846 1981 882 2011 et
912 1976 984 2012 cibi
1015 1975 1235 2011 abstinentia
1264 1975 1311 2011 ad
1349 1975 1514 2012 visiones
1552 1988 1667 2023 appa-

295 2047 525 2092 ritionesque
564 2057 649 2081 sese
687 2049 967 2091 praepararunt.
1025 2040 1075 2078 Et
1115 2043 1299 2079 cacozelia
1341 2042 1500 2090 quadam
1539 2055 1667 2081 rerum

295 2125 485 2150 sacrarum
513 2111 652 2147 factum
681 2117 760 2158 est,
790 2117 832 2146 ut
862 2109 958 2156 apud
987 2109 1148 2157 gentiles
1179 2110 1292 2145 etiam
1321 2108 1484 2157 quidam,
1524 2107 1667 2158 Pytha·-

296 2180 410 2228 gorici
441 2180 622 2226 imprimis
651 2184 760 2225 atque
791 2176 999 2225 Platonici,
1038 2177 1153 2213 variis
1189 2177 1439 2226 καθαρμοῖς,
1475 2176 1667 2214 lustratio-

296 2247 433 2295 nibus,
464 2246 643 2293 jejuniis,
673 2246 815 2281 animas
847 2257 934 2281 suas
965 2243 1011 2280 ad
1040 2245 1301 2280 commercium
1331 2257 1414 2280 cum
1441 2244 1525 2282 Deo
1554 2246 1666 2293 spiri-

296 2314 470 2361 tibusque
509 2318 613 2360 aptas
651 2311 810 2349 reddere
860 2311 1016 2348 vellent.
1073 2309 1158 2348 Jam
1198 2310 1295 2358 apud
1328 2310 1572 2349 Herodotum
1611 2304 1677 2360 II,¹

297 2383 367 2418 40.
410 2374 720 2430 προνηστεύουσι
760 2379 808 2430 τῇ
844 2374 933 2415 Ἴσι.
991 2377 1052 2415 Ex
1103 2379 1371 2416 recentioribus
1413 2379 1575 2417 sufficiat
1623 2381 1664 2416 in

295 2448 505 2494 praesentia
535 2446 686 2483 laudare
714 2444 971 2483 Jmnbliclmm
998 2437 1072 2492 III,
1106 2450 1169 2482 11.
1213 2460 1250 2492 p.
1280 2450 1348 2483 74.
1389 2444 1491 2483 Edit.
1526 2446 1661 2483 Oneon.

296 2515 361 2550 ubi
400 2517 497 2551 inter
548 2514 847 2561 praeparationes
888 2513 934 2549 ad
984 2512 1254 2550 vaticinantium
1304 2514 1494 2561 reliquas,
1542 2511 1662 2564 τριῶν

299 2577 403 2619 ὅλων
442 2575 601 2632 ἡμερῶν
640 2576 796 2618 ἀσιτίαν
833 2580 961 2617 refert.
1018 2579 1081 2617 De
1122 2578 1342 2617 Christianis
1382 2582 1544 2617 omnium
1579 2580 1662 2618 fere

297 2656 508 2698 temporxnn
534 2654 621 2687 nota
648 2660 710 2686 res
737 2653 818 2698 est,
845 2647 1029 2696 imprimis
1057 2647 1092 2686 si
1119 2648 1160 2685 in
1188 2660 1340 2687 censum
1366 2648 1527 2696 veniant,
1565 2661 1662 2696 quae
