1740 3095
280 164 374 202 2564
621 174 1396 205 ADNOTATIONES

363 293 450 333 aad.
482 295 508 332 I.
545 299 610 333 12.
636 288 716 339 ‘fig
744 292 825 331 καὶ
856 293 971 339 νῦν]
1002 279 1226 342 Legendulii
1247 295 1338 333 fors.
1370 289 1424 340 ὥς
1451 291 1527 346 γὰρ
1557 295 1642 333 νῦν.

278 363 352 401 Ed.
380 363 478 400 Bas.
512 356 637 411 (5963
664 361 787 398 habet.
831 360 996 398 (imm.
1055 360 1307 411 Adsentirer,
1352 364 1384 400 si
1414 363 1499 399 libri
1538 363 1646 400 addi-

279 438 417 468 cerent.
476 428 605 466 Potest
646 436 769 465 tamen
805 429 868 465 vel
897 430 977 465 sine
1014 430 1060 465 iis
1098 430 1148 466 ita
1188 430 1288 478 legi,
1332 431 1418 477 quia
1454 431 1644 477 perfacilis

277 505 333 535 est
364 501 400 534 in
428 496 531 534 hisce
558 504 595 534 et
623 497 800 533 solemnis
829 498 1074 544 permutatio,
1106 504 1143 533 et
1172 498 1252 534 sine
1281 498 1503 535 necessitate
1533 499 1646 535 etiam

275 579 367 602 mox
396 566 453 601 bis
481 562 523 601 (Ὺέ
551 577 698 601 rursum
728 565 992 612 consequitur3
1023 571 1301 611 verumtamen,
1333 578 1415 601 cum
1442 567 1645 602 usitatissi-

275 647 377 669 mum
407 634 456 669 sit
484 630 647 680 Nostro,
690 633 728 668 in
764 631 947 668 narrando
986 633 1040 668 sic
1070 629 1111 668 1Ῡέ
1151 639 1390 680 connectere,
1430 633 1485 669 nil
1525 633 1645 670 audeo

275 708 432 737 mutare.
494 697 559 736 Sic
598 699 693 736 infra
732 713 763 736 c.
810 704 876 737 23.
917 695 1058 750 ἑορτὴν
1097 697 1165 739 δὲ.
1210 698 1242 736 εἴ
1281 697 1322 736 dc!
1347 719 1404 727 ——-
1432 694 1543 749 ἦιιεῖς
1586 698 1643 737 δέ.

275 767 426 805 Deinde
467 766 558 804 ibid.
596 762 664 804 τὸν
703 762 802 804 mira
847 764 889 804 (53
928 789 983 796 ————
1019 763 1063 804 τὸ
1103 767 1172 803 νῦν
1213 764 1256 803 δὲ
1294 788 1349 793 --
1388 767 1549 815 μᾶλλον
1587 765 1643 805 δέ.

276 833 326 872 Et
354 836 514 883 singulis
540 834 618 871 fere
647 833 802 884 Dialog.
860 833 1008 872 RmTz.

358 901 454 940 ibid.
481 896 564 946 εΩς
593 901 677 938 καὶ
708 902 796 938 ’νῦν
826 897 1047 950 ἔχομεν,
1079 897 1302 952 μύρμηξ
1334 896 1354 951 ἦ
1383 896 1642 951 κάμηλος,

276 965 341 1016 ὥς
370 965 393 1020 ἦ
424 967 697 1021 παροιμία
728 968 851 1021 φησὶ
892 973 980 1014 etc.]
1023 968 1204 1019 Queritur
1243 968 1303 1006 hic
1333 968 1504 1016 Pauper,
1546 969 1645 1016 quod

275 1046 349 1076 tam
381 1038 479 1074 male
509 1037 626 1074 dixisa
655 1038 730 1074 sint
758 1038 857 1073 inter
887 1036 1058 1074 homines
1086 1028 1207 1085 bona,
1248 1043 1312 1084 ut,
1351 1036 1437 1073 dum
1468 1037 1532 1072 alii
1563 1037 1646 1084 opi-

274 1107 344 1143 bus
372 1104 551 1151 affluunt,
591 1105 656 1140 alii
691 1106 840 1140 bmnino
870 1110 1036 1140 careant:
1078 1117 1156 1140 rem
1196 1110 1318 1140 autem
1357 1103 1452 1140 hanc
1481 1106 1530 1140 ita
1560 1117 1644 1141 esse

275 1178 538 1219 comparatam,
570 1184 613 1207 ac
641 1171 673 1207 si
704 1172 787 1218 quis
817 1171 935 1207 altero
967 1170 1063 1217 pede
1094 1169 1355 1215 cothurnatus,
1386 1172 1504 1208 altero
1534 1171 1644 1218 plane

272 1247 348 1277 non
377 1239 577 1286 calceatus,
609 1252 706 1274 nunc
734 1237 844 1275 valde
873 1251 1072 1286 procerus,
1113 1252 1210 1274 nnnc
1248 1237 1479 1274 humillimus
1517 1238 1644 1275 videa—

274 1314 348 1344 tur.
406 1304 473 1343 Ad
502 1305 540 1342 id
569 1307 684 1342 utitur
711 1306 910 1353 proverbio
939 1300 1102 1356 μύρμηξ
1130 1299 1155 1355 ἦ
1186 1300 1377 1355 κάμηλος.
1437 1303 1501 1342 Sic
1536 1319 1642 1342 nam·—

273 1388 346 1423 que
375 1375 413 1410 in
443 1374 614 1410 omnibus
643 1373 868 1410 editionibus
898 1373 1060 1421 legitur,
1098 1386 1167 1410 nec
1205 1374 1314 1410 aliter
1355 1373 1400 1409 ab
1434 1374 1643 1420 paroemio-

273 1440 425 1491 graphis
452 1441 586 1478 adduci
615 1440 716 1477 istud
744 1440 876 1488 video,
912 1446 949 1477 et
990 1440 1138 1488 quidem
1169 1455 1217 1478 ex
1246 1440 1316 1478 hoc
1349 1439 1516 1477 Lucicmi
1543 1440 1640 1477 loco.

272 1508 355 1558 Ego
384 1523 474 1547 vero
503 1509 632 1545 nullus
662 1507 805 1556 dubito,
835 1509 924 1556 quin
953 1509 1188 1556 proverbium
1209 1509 1410 1558 genuimnn
1431 1508 1493 1556 sit,
1516 1502 1641 1558 Map-

271 1577 352 1627 (msg‘
381 1572 401 1627 ij
432 1572 632 1626 κάμηλος,
671 1582 780 1623 atque
810 1578 859 1612 ita
889 1575 1039 1612 demum
1068 1583 1166 1614 recte
1195 1582 1318 1624 potest
1356 1574 1643 1623 proverbialiter

272 1644 441 1681 adhiberi
470 1643 516 1680 de
545 1644 656 1680 rebus
685 1644 850 1680 maxime
879 1644 1150 1690 inaequalibus.
1211 1643 1321 1695 Quae
1360 1643 1460 1680 enim
1503 1636 1640 1678 ἀνισό-

271 1725 380 1762 τερα,
408 1724 518 1758 quam
547 1711 701 1747 formica
744 1718 781 1747 et
811 1709 1004 1749 camelus?
1062 1710 1105 1747 Id
1145 1724 1234 1758 ergo
1270 1709 1462 1746 Lucianus
1498 1715 1640 1757 noster,

272 1780 350 1816 sive
380 1777 551 1826 Pauper,
592 1779 663 1814 ait:
707 1775 750 1814 Si
788 1779 1002 1815 universum
1047 1776 1250 1814 humanum
1290 1790 1408 1825 genus
1446 1778 1640 1825 respicias,

273 1853 310 1883 et
340 1847 375 1882 in
405 1859 449 1882 eo
479 1858 664 1893 pauperes
694 1858 735 1881 ac
765 1844 923 1892 divites,
964 1844 1091 1896 videre
1131 1851 1167 1882 te
1196 1844 1257 1881 vel
1298 1839 1536 1895 μύρμηκας,
1577 1844 1639 1881 vel

273 1909 491 1962 namstede,
519 1919 650 1960 putes,
682 1919 781 1950 tanta
812 1918 868 1949 est
896 1914 994 1949 inter
1022 1913 1214 1949 universos
1244 1911 1464 1949 conditionis
1495 1917 1531 1948 et
1561 1911 1637 1948 for-

273 1988 445 2017 tunarum
474 1979 733 2026 inaequalitas.
790 1977 906 2016 JENS.
953 1974 1033 2024 ³'H]
1065 1978 1191 2016 Jensii
1217 1978 1512 2019 emendationem
1552 1992 1639 2016 con-

271 2048 420 2084 firmant
450 2044 500 2084 L.
532 2046 629 2082 Coll.
660 2052 697 2082 et
726 2045 792 2083 Fl.
852 2045 897 2083 In
926 2047 1083 2093 reliquis
1112 2047 1306 2094 impressis
1344 2059 1459 2093 prave
1500 2045 1638 2094 legitur

271 2110 310 2165 ἢ.
353 2112 504 2151 SOLAN.
562 2111 654 2151 Plus
693 2120 792 2151 certe
830 2114 922 2152 salis
958 2115 1081 2162 inest,
1132 2114 1165 2151 si
1206 2116 1281 2159 jam
1320 2127 1404 2150 cum
1441 2112 1575 2150 Jensz'o
1611 2108 1636 2162 ἢ

270 2183 381 2231 legis.
440 2179 561 2217 Immo
591 2194 672 2216 cum
700 2185 926 2229 comparatio
953 2182 1158 2219 instituitur
1198 2182 1295 2217 inter
1331 2180 1569 2227 inaequalia,
1610 2175 1636 2230 ἢ

270 2249 500 2296 requiritur,
550 2253 590 2284 ut
628 2260 759 2285 sensus
790 2250 857 2297 sit,
907 2247 1018 2286 modo
1043 2249 1254 2300 formica,
1299 2246 1408 2285 modo
1445 2247 1636 2294 camelus,-

272 2323 309 2353 et
339 2317 392 2353 sic
420 2315 530 2363 plane
559 2314 800 2361 respondebit
825 2317 1021 2364 sequenti,
1049 2313 1159 2353 modo
1190 2315 1388 2361 excelsus,
1429 2312 1539 2352 modo
1567 2312 1637 2351 Itu-

271 2384 384 2420 milt's.
444 2381 574 2433 Quare
602 2376 627 2430 ἢ
658 2382 719 2419 vel
746 2383 871 2420 invitis
902 2380 1020 2420 Codd.
1053 2389 1090 2420 et
1117 2381 1215 2420 Edd.
1257 2383 1497 2430 recepissem.
1557 2379 1636 2418 Sed

270 2465 352 2487 cum
377 2457 453 2487 tres
481 2449 597 2486 libros
625 2447 827 2487 habeamus
855 2452 907 2486 ita
936 2448 1178 2498 exhibentes,
1219 2456 1319 2487 tanto
1355 2450 1475 2497 magis
1505 2448 1634 2485 certis-

269 2519 385 2554 simae
415 2515 542 2554 Jensii
569 2517 804 2564 conjecturae
834 2517 1179 2566 obsecundandum3
1220 2530 1315 2565 quae
1344 2530 1389 2553 eo
1417 2515 1572 2563 melior,
1600 2516 1634 2551 si

267 2585 409 2622 nullam
438 2584 514 2623 vid.
542 2581 639 2622 Edd.
670 2585 723 2621 sic
751 2583 911 2622 habere:
940 2598 1026 2622 nam
1053 2584 1121 2623 Fl.
1152 2585 1300 2622 omuino
1329 2582 1441 2622 habet
1469 2581 1565 2619 illud
1595 2577 1632 2630 ἢ,
