1768 3125
278 147 1135 197 11vpx11201'0Arn1N.
1329 157 1422 200 575

51 275 114 314 Ex
141 277 304 315 formula
333 277 503 329 solenni,
536 293 609 329 qua
638 278 803 329 Spiritus
833 279 878 321 S.
909 297 958 322 ex
987 282 1099 324 Patre
1129 286 1264 325 dicitur
1291 302 1424 337 proce-

51 344 161 394 dere,
198 346 296 394 quod
327 361 371 384 eo
401 347 534 385 deinde
575 348 620 384 ab
651 347 903 388 Orientalium
937 353 1125 402 plerisque
1155 363 1312 393 tractum
1352 365 1422 407 cst,

51 419 90 449 ut
120 421 298 462 neg-arent
326 417 454 463 utique
497 430 517 453 a
547 416 625 453 filio
654 418 768 453 etiam
797 420 985 468 progredi.
1045 421 1122 460 Sed
1161 423 1231 461 hoc
1259 423 1424 463 Theolo-

48 481 107 528 gis
138 481 407 530 relinquimus,
439 490 479 520 ut
508 484 604 521 illud
633 486 768 534 etiam,
811 487 909 534 quod
936 487 997 525 hic
1022 492 1203 537 particula
1234 490 1274 529 ἐκ
1300 499 1337 530 et
1366 492 1421 541 ἐξ,

48 547 95 585 ad
121 550 300 587 unitatem
339 553 547 600 esseutiae,
586 565 904 601 personarumque.
944 556 1217 596 distinctionem
1256 560 1422 598 indican-

47 615 154 665 dam,
186 616 394 656 adhibetur.
457 617 585 658 Gnsx.

129 682 217 722 ead.
248 684 277 722 l.
313 690 376 726 13.
408 681 486 724 εἘν
527 685 581 726 ἔκ
618 688 807 741 τριῶν]
851 689 958 731 Cous.
990 696 1027 731 1.
1058 691 1179 742 Epist.
1212 693 1332 733 Joaem.
1364 693 1421 746 V,

45 753 85 790 7.
115 751 190 795 ubi-
208 750 301 790 haec
329 756 525 793 sententia.
583 753 731 795 Rmrz.

126 816 222 857 ibid.
257 816 335 866 Ἐξ
374 817 491 868 ἑνὸς
520 820 666 874 τρία]
705 824 899 878 Distinxi,
940 835 1050 876 prout
1078 842 1211 866 seusus
1242 830 1420 881 postulat,

42 890 81 923 et
119 893 231 934 prout
270 887 410 936 legitur
449 888 521 927 hoc
558 890 769 939 Euripidis
810 907 958 933 carmen
996 896 1095 944 apud
1132 895 1342 936 Lucianum
1381 901 1421 936 in

40 950 127 991 Jov.
167 952 282 1003 Trag.
327 969 358 992 c.
396 958 466 995 41.
518 958 584 995 ubi
630 957 748 997 habes
788 961 969 1010 reliquos.
1037 962 1144 1001 Add.
1184 963 1291 1003 Stob.
1334 965 1416 1004 Ecl.

39 1017 159 1070 Phys.
187 1019 232 1070 I,
263 1027 302 1060 3.
330 1022 495 1062 Herac7.
526 1024 643 1064 Pont.
674 1027 720 1065 de
749 1026 888 1078 Alleg.
914 1029 1030 1068 Hom.
1061 1046 1100 1080 p.
1132 1035 1228 1071 441,
1288 1033 1418 1072 GESN.

39 1085 148 1126 Olim
197 1090 343 1128 seilicet
390 1091 429 1128 iu
466 1090 564 1130 Edd.
611 1095 666 1131 sic
708 1095 1024 1145 distinguebatur:
1089 1099 1230 1137 Ταῦτα
1271 1097 1416 1151 νόμιζε,

39 1156 154 1206 Ζῆνα
184 1152 293 1194 τόνδ’
325 1152 424 1208 ἡγοῦ
454 1154 563 1197 θεόν.
626 1161 805 1200 Ceterum
835 1164 883 1202 cs.
917 1165 1074 1204 Gesner.
1105 1166 1154 1203 ad
1182 1165 1269 1207 Jov.
1299 1167 1415 1219 Trag.

38 1236 70 1261 c.
102 1225 172 1262 41.
204 1222 314 1263 Tom.
344 1223 419 1263 VI.
451 1240 489 1273 p.
524 1231 620 1266 603.
679 1228 828 1269 LEHM.

119 1290 208 1329 ead.
240 1291 267 1330 2.
302 1295 368 1331 14.
412 1293 593 1332 Ταῦτα
630 1292 809 1347 νόμιζε
848 1299 1020 1350 Ζῆνα]
1063 1300 1274 1351 Ειινῑρὶτῖῐε
1315 1306 1418 1357 frag-

36 1364 204 1396 mentum
229 1361 488 1410 notisshnmn,
516 1363 616 1410 quod
645 1365 683 1402 in
712 1367 864 1405 incertis
896 1375 1017 1405 exstat
1044 1383 1080 1407 v.
1114 1375 1153 1408 3.
1212 1371 1367 1414 SoLAN.

119 1425 206 1464 ead.
238 1427 264 1464 l.
302 1429 365 1466 15.
389 1425 694 1479 Ἀριθμὲειν
723 1448 783 1483 με
815 1431 1112 1487 διδάσκεις]
1144 1438 1317 1479 ssIoIiere
1344 1441 1416 1481 hoc

33 1495 200 1532 imitatus
241 1501 300 1532 est
332 1496 370 1532 in
400 1497 526 1534 sabula
554 1496 615 1536 Le
631 1501 766 1551 festia
795 1500 843 1540 de
868 1502 1006 1553 Piere,
1048 1503 1138 1543 Act.
1170 1505 1243 1546 III.
1276 1507 1339 1548 Sc.
1375 1515 1413 1549 1.

32 1560 132 1600 Vid.
169 1559 426 1610 Theophrast.
455 1563 662 1615 Raynaud
694 1569 740 1607 de
776 1570 884 1608 bonis
914 1579 950 1608 et
978 1573 1087 1611 mah's
1115 1575 1223 1613 libris
1251 1584 1349 1624 part.
1379 1577 1412 1617 I.

31 1626 200 1667 Erotem.
230 1628 262 1667 I.
292 1630 327 1679 §.
360 1636 456 1670 331.
486 1647 574 1683 pag·-
609 1638 701 1674 195.
760 1636 826 1675 LA
856 1636 1003 1677 Cnozn.

114 1696 217 1745 Pag.
251 1702 346 1736 233.
389 1699 418 1737 l.
454 1705 490 1739 1.
530 1698 863 1754 Νικόμαχος]
905 1705 1032 1755 Hujus
1073 1708 1120 1747 de
1158 1708 1412 1751 Arithmetica

25 1763 117 1801 'libri
150 1771 301 1802 exstant
328 1765 515 1816 hodieque
545 1769 632 1808 duo.
691 1770 784 1809 Vid.
818 1775 930 1811 etiam
960 1773 1067 1815 Phot.
1104 1781 1196 1817 187.
1257 1777 1409 1819 SOLAN.

26 1830 90 1869 De
129 1831 363 1872 Nicomacho
411 1833 506 1885 hoc,
556 1840 713 1887 ejusque
758 1839 1027 1892 arithmeticis,
1076 1844 1152 1882 vid.
1199 1845 1411 1887 Fabricius

25 1897 130 1938 Bibl.
162 1898 231 1938 Gr.
261 1899 348 1951 IV,
381 1906 430 1952 2,
463 1908 501 1942 1.
561 1904 725 1957 Quando
754 1908 913 1957 vixerit,
957 1916 1085 1948 nostra
1111 1911 1209 1950 nihil
1237 1915 1408 1965 interest,

25 1968 100 2005 nisi
133 1967 236 2016 quod
275 1983 325 2006 ex
351 1971 421 2019 iis,
462 1985 557 2020 quae
585 1972 797 2011 Fabricius
825 1975 1010 2025 disputat,
1052 1987 1230 2029 apparet,
1270 1983 1316 2019 ab
1346 1997 1408 2032 eo,

27 2036 94 2084 qui
121 2033 284 2084 Trajano
313 2038 506 2075 victoriam
533 2041 799 2090 gratularetur,
831 2043 950 2090 (quod
981 2042 1250 2096 Philopatridis
1280 2057 1407 2088 aucto-

24 2115 107 2140 rem
143 2101 214 2141 hoc
243 2102 514 2144 schediasmate
539 2107 702 2156 fecisse,
745 2108 896 2157 quidam
924 2111 1075 2160 volunt)
1116 2115 1262 2154 laudari
1292 2116 1406 2156 Nico-

24 2168 199 2207 machum
227 2172 294 2208 vix
322 2185 365 2209 ac
390 2186 438 2210 ne
465 2174 529 2212 vix
557 2174 712 2223 quidem
738 2179 922 2225 potuisse.
981 2178 1109 2220 stn.

108 2236 197 2277 ead.
226 2237 255 2276 l.
288 2244 326 2278 2.
363 2240 424 2278 Τε
436 2238 692 2293 τρακτὺν]
729 2243 791 2283 De
819 2255 983 2297 tetracty
1012 2247 1263 2300 Pythagorica
1291 2253 1403 2302 plena

23 2305 159 2343 omnia.
217 2305 280 2344 De
318 2309 506 2346 octonario
535 2308 768 2350 Macrobius
806 2314 844 2350 in
874 2311 1004 2353 Somn.
1037 2315 1142 2366 Scip.
1172 2318 1213 2368 1,
1258 2322 1297 2358 5.
1339 2323 1403 2369 qui

21 2373 256 2423 reliquorum
294 2376 407 2412 etiam
444 2390 686 2416 numerorum
713 2380 843 2428 pandit
870 2385 1064 2432 mysteria.
1119 2378 1295 2424 Ὀκτάδᾴ
1323 2389 1401 2427 fre-

23 2442 198 2488 quentius
228 2441 301 2480 dici
329 2449 448 2492 putat,
479 2458 590 2492 quam
620 2443 796 2498 ὄγδόάδα
824 2449 896 2486 Sa.
934 2450 1150 2491 Tenmdius
1178 2455 1225 2491 ad
1249 2455 1397 2494 Jambl.

22 2508 62 2546 in
90 2507 237 2548 Nicom.
269 2507 405 2550 Geras.
441 2525 482 2559 p.
511 2526 563 2550 m.
599 2518 691 2553 115.
752 2513 949 2555 Caeterum
987 2520 1084 2557 inter
1113 2519 1399 2561 Valentiniano-

20 2589 105 2612 rmn
132 2577 275 2615 somnia
303 2577 410 2616 fuere
438 2584 642 2631 tetractys,
684 2583 824 2632 ogdoas
854 2592 892 2623 et
920 2587 1067 2625 triacas.
1126 2586 1222 2626 Vid.
1252 2589 1291 2630 Ι.
1320 2591 1395 2629 Fr.

19 2640 182 2683 Budeus
209 2644 256 2683 de
284 2643 433 2686 haeresi
461 2644 619 2688 Valent.
650 2649 686 2700 §.
717 2651 757 2690 5.
789 2665 829 2702 p.
859 2654 958 2693 424.
985 2661 1023 2693 et
1051 2655 1214 2706 reliqui,
1253 2655 1317 2706 qui
1348 2658 1396 2697 de
