1740 3095
303 167 397 212 344
546 186 1463 220 ¹:itnzxro‘rlt'rtoixrnet

382 301 485 352 Pag.
515 307 583 344 36.
611 304 641 342 ἶ.
671 307 710 343 4.
748 301 1087 357 >Ῑσοὸιαίτης]
1131 305 1196 345 Sic
1231 321 1360 346 omnes
1397 308 1484 346 libri
1520 307 1650 345 nostri.

300 367 362 408 De
388 369 538 408 Baccho
576 378 731 420 usurpat
769 371 1001 412 Plutarchus
1040 373 1135 412 hanc
1170 387 1324 424 vocem,
1363 389 1449 424 pag.
1474 389 1526 414 m.
1555 378 1650 413 692.

299 435 391 476 AB.
448 436 543 492 Puto
571 445 694 476 tamen
722 453 848 477 veram
877 448 915 478 et
942 442 1142 490 genuinam
1168 455 1297 479 vocem
1323 455 1405 480 esse
1431 440 1652 491 ἰσοόιαιτη-

299 499 383 553 τής.
439 503 546 554 Lege
586 507 733 543 omnino
771 506 926 545 Numeri
963 512 1030 548 36.
1068 509 1199 557 ultima
1235 510 1368 558 verba;
1411 508 1508 546 uude
1547 510 1652 556 satis,

298 571 338 607 ni
364 571 491 620 fallor,
520 573 787 611 emendationis
815 573 926 623 hujus
952 576 1046 612 ratio
1081 576 1235 624 patebit.
1275 574 1426 613 SoLAN.
1456 605 1458 610 ,
1481 575 1652 613 Difficile

298 637 394 676 forte
421 639 534 677 fuerit
560 639 708 688 dicere,
735 643 818 689 quis
847 644 896 680 sit
921 642 987 679 ille
1017 640 1258 692 ἲσοδιαίτης,
1287 636 1307 680 ὃ
1337 636 1552 693 ἡγούμενος
1571 643 1652 680 τῶν

298 704 543 753 συμποσίων.
600 705 643 746 Α
685 705 817 747 δίαιτα
862 704 1030 746 &tandm
1071 709 1272 747 descendat
1310 703 1330 747 ὃ
1372 706 1657 760 ι’σοδιαιτητὴς,

296 778 338 808 nt
373 785 464 811 mox
501 787 533 812 c.
571 779 638 814 36.
675 774 893 814 habebimus
931 773 1234 827 συνδιαιτητὴν,
1284 776 1352 815 sed
1398 776 1461 814 hic
1505 789 1659 825 quoque·

295 852 478 887 nusquam
502 848 571 880 est.
626 840 778 891 Fallor,
821 856 868 880 an
911 850 968 881 est
1001 841 1229 894 ἴσοὸαίτης,
1273 843 1373 893 quod
1402 842 1541 881 Bacchi
1568 844 1653 891 epi-

295 904 422 944 theton
484 920 569 946 esse
627 908 734 948 docet
781 908 1009 948 Plutarchus
1066 910 1113 948 de
1166 909 1228 947 EI
1282 925 1369 959 pag.
1417 915 1511 950 692.
1567 917 1652 948 ante

295 973 395 1012 med.
449 972 513 1013 H.
565 973 698 1024 Steph.
749 972 951 1015 Διόνυσον
1000 973 1044 1014 δὲ
1098 976 1164 1014 καὶ
1220 975 1381 1028 Ζαγρέα
1443 975 1509 1015 καὶ
1567 976 1611 1013 Ν
1635 998 1653 1005 -

295 1038 446 1078 κτέλιον
481 1039 547 1079 καὶ
580 1038 798 1093 Ἰσοδαίτην
847 1040 968 1081 αὗτὸν
1018 1039 1269 1093 ὀνομάζουσι.
1329 1042 1465 1081 Ortum
1506 1043 1578 1081 hoc
1616 1045 1652 1082 ei

295 1121 501 1156 cognomen
529 1115 618 1156 puto
657 1105 734 1147 ἀπὸ
776 1110 848 1159 τῆς
883 1106 1018 1155 ὸαιτός
1052 1108 1186 1160 ἐΐσης,
1228 1110 1402 1148 Homero
1442 1111 1652 1160 familiaris,

295 1174 342 1211 de
391 1188 464 1221 qua
500 1173 708 1214 Comment.
749 1177 796 1214 ad
840 1175 889 1213 Il.
928 1176 988 1225 A,
1031 1179 1127 1214 468.
1166 1177 1209 1214 it.
1247 1175 1475 1214 Athenaeus
1511 1174 1545 1226 I,
1585 1182 1650 1215 10.

294 1237 480 1279 Laetitiae
517 1242 624 1280 dator
654 1242 826 1281 Bacchus
879 1256 1041 1291 aequum
1087 1250 1187 1280 amat
1221 1242 1353 1281 hodie:
1405 1243 1506 1281 idem
1553 1244 1651 1292 apud

295 1304 485 1357 Graecos,
515 1310 577 1358 qui
607 1305 851 1359 συμπόσιον,
881 1309 1103 1349 οοηιόῐῦῐιιηι
1131 1310 1286 1358 dixere,
1327 1324 1401 1348 nou
1429 1313 1648 1360 convivium,

293 1375 424 1411 merito
454 1369 668 1426 ἡγούμενος
696 1378 775 1415 τῶν
803 1375 1034 1427 συμποσίων
1063 1384 1132 1416 est.
1190 1376 1235 1414 In
1273 1377 1431 1415 eundem
1468 1380 1649 1426 convenit,

294 1441 395 1489 quod
423 1449 480 1480 est
507 1444 606 1492 apud
634 1444 989 1494 Harpocrationem
1014 1451 1051 1482 et
1078 1443 1265 1493 suidam,
1302 1441 1521 1495 Ἰσοὸαίτης
1549 1445 1654 1491 ξενιὲ

294 1504 362 1554 κός
389 1523 450 1554 τις
479 1508 657 1560 δαίμων,
687 1502 720 1565 ᾧ
749 1509 799 1550 τὰ
829 1507 1010 1562 δημιώὸη
1040 1507 1183 1562 γύναια
1211 1510 1274 1549 καὶ
1303 1508 1359 1562 μὴ
1389 1507 1491 1550 πάνυ
1523 1527 1649 1551 σπου-Η

296 1573 390 1613 ὃαῒα
437 1574 569 1616 ἐτέλει.
633 1577 786 1616 Laudat
837 1578 1136 1627 Harpocration
1191 1578 1253 1616 hic
1302 1578 1538 1628 Hyperidem
1581 1594 1649 1628 pro

292 1641 459 1693 Phryne.
516 1643 680 1694 Notum,
719 1660 829 1694 quam
856 1647 1014 1683 libenter
1040 1646 1230 1696 Dionysia
1265 1648 1379 1695 agitet
1409 1646 1480 1684 hoc
1513 1661 1645 1696 genus.

292 1707 399 1748 Idem
423 1725 557 1748 nomen
586 1718 669 1760 est,
712 1713 810 1762 quod
838 1713 936 1760 apud
963 1711 1136 1762 Hesych.
1165 1714 1302 1761 legitur
1332 1712 1527 1763 ἴσοδέτης,
1571 1709 1653 1756 ὗπ),

293 1773 405 1814 &law
433 1771 454 1816 ὁ
483 1773 703 1816 ΙΙλοῦτων·
733 1774 810 1817 ὑπὸ
840 1777 883 1817 δὲ
912 1776 1042 1816 ἄλλων
1073 1775 1092 1817 ὃ
1116 1776 1359 1825 Πλούτωνος
1380 1776 1478 1825 υἱός.
1538 1778 1647 1819 Certe

291 1843 328 1879 id
358 1845 432 1890 jam
467 1845 680 1883 adnotatum
708 1846 816 1884 video
844 1847 883 1884 in
911 1844 1184 1884 Schrevelicma
1213 1847 1397 1896 editione,
1443 1848 1507 1884 uhi
1537 1849 1647 1885 etiam

288 1910 458 1949 laudatur
485 1912 641 1951 Ilffeurs.
669 1911 755 1951 Att.
786 1914 890 1956 lectt,
931 1928 1016 1963 pag.
1049 1916 1116 1952 50.
1146 1913 1323 1953 Luciano
1352 1914 1501 1963 quidem
1536 1917 1646 1952 resti—

290 1978 464 2016 tuendum
503 1976 571 2017 τὸν
609 1979 840 2031 ἶσοδαίτην,
889 1980 981 2018 mihi
1019 1981 1212 2018 indubium
1252 1988 1320 2019 est.
1374 1981 1509 2019 GESN.
1567 1981 1646 2020 Nec

288 2043 429 2083 Belino
455 2046 527 2083 suit
555 2047 734 2097 dubium,
759 2061 827 2085 nec
859 2047 1111 2097 Wdandio,
1145 2062 1214 2085 nec
1241 2047 1333 2086 mihi
1362 2056 1431 2086 est.
1489 2047 1646 2087 Vellem

290 2113 401 2150 etiam
429 2111 583 2151 Reitzz‘o
610 2115 765 2163 ejusque
807 2116 1047 2152 sectatoribus
1084 2117 1135 2152 ita
1177 2117 1300 2153 visum
1338 2116 1486 2157 suisset.
1542 2114 1646 2155 Vul-

288 2187 372 2228 gata
402 2181 500 2218 enim
530 2179 747 2232 ἴσοδιαίτης
776 2182 896 2220 forma
925 2189 982 2220 est
1009 2189 1046 2220 et
1073 2189 1206 2220 natura
1242 2184 1352 2231 plane
1395 2183 1535 2232 exlex,
1576 2197 1645 2221 nec

289 2247 369 2284 ullo
397 2254 504 2295 pacto
531 2249 570 2284 iu
603 2246 663 2286 his
690 2248 827 2287 finibus
856 2249 1022 2287 serenda.
1087 2249 1201 2302 Quod
1239 2257 1362 2288 autem
1389 2249 1534 2288 Salano
1564 2251 1644 2298 pla·-

289 2301 366 2351 cuit
394 2310 684 2365 ι’σοδιαιτητής,
727 2330 795 2364 per
836 2330 877 2355 se
904 2317 1054 2365 quidem
1079 2331 1152 2354 non
1179 2317 1277 2354 male
1302 2318 1484 2356 referatur
1511 2317 1558 2355 ad
1581 2331 1644 2356 ae-

287 2396 402 2429 quum
430 2395 553 2420 rerum
589 2383 834 2425 convivalium
870 2385 1045 2422 arbitrum
1073 2405 1129 2412 —
1156 2385 1235 2421 noti
1273 2385 1372 2422 enim
1409 2391 1495 2422 suut
1521 2383 1642 2422 Athe-

288 2449 471 2486 niensium
501 2445 538 2486 οἷ
575 2446 778 2498 διαιτηταί
801 2471 855 2479 ·-
884 2452 912 2489 i.
942 2465 977 2489 e.
1006 2451 1053 2488 ad
1078 2465 1208 2500 regem
1236 2453 1443 2500 symposii‚
1482 2452 1528 2490 de
1567 2466 1640 2500 quo

289 2514 386 2553 hunc
413 2516 539 2553 locum
567 2516 663 2563 cepit
694 2515 968 2567 Ilsielandius‚
997 2520 1094 2556 falso
1122 2519 1190 2556 ille
1218 2518 1370 2566 quidem
1395 2509 1470 2567 sic,
1511 2520 1543 2555 si
1584 2519 1640 2557 le-

289 2584 448 2620 ctionem
481 2581 640 2619 Gesneri
668 2580 870 2634 ἴόοδαίῖης
896 2586 1082 2633 probaret.
1139 2583 1287 2623 Vermn
1329 2586 1367 2622 in
1395 2598 1440 2622 eo
1480 2587 1640 2633 graviter

290 2656 389 2687 errat
415 2648 608 2700 Solmms,
637 2650 735 2701 quod
764 2653 905 2690 similes
934 2653 1108 2702 quidem,
1147 2660 1185 2691 at
1224 2652 1434 2702 neutiquam
1471 2653 1639 2701 ejusdem
1689 2667 1695 2672 ·
