1768 3125
303 176 698 210 rmnom‘rmms
731 178 1090 212 mssEnTATlo.
1335 171 1428 216 657

49 300 135 338 dem
170 299 347 349 arbitror,
377 299 446 338 sed
475 300 575 349 quod
602 314 725 350 neque
753 303 903 340 tractari
939 301 1058 351 bene,
1099 314 1224 351 neque
1262 303 1427 354 intelligi

48 369 122 407 nisi
152 369 197 405 ab
228 382 272 405 eo
301 375 446 416 potest,
487 370 551 416 qui
589 369 635 406 ad
675 371 864 417 ingenium
903 368 963 407 his
993 371 1105 408 rebus
1147 377 1273 418 aptum
1312 385 1425 410 usum

48 437 160 474 etiam
190 436 354 483 aliquem
395 436 624 482 adjunxerit.
683 435 876 474 Modestia
915 436 976 475 hic
1015 451 1083 476 nos
1124 438 1301 487 decebat,
1342 454 1427 477 cum

47 505 211 551 primum
240 505 487 541 scriberemus
517 511 602 543 ante
629 504 743 542 hosce
773 518 865 542 xxv
894 518 1034 542 annos:
1078 507 1298 546 versabatur
1325 509 1426 546 enim

48 571 86 608 in
113 573 235 609 animo
265 571 359 608 illud
388 570 572 610 LoNGnu
603 586 635 610 s.
668 577 706 611 6.
743 568 799 610 ‘H
822 573 902 610 τῶν
942 568 1068 623 λόγων
1112 572 1240 625 κρίσις
1274 575 1426 627 πολλῆς

49 636 129 677 ἔστι
162 638 299 690 πείρας
324 638 548 677 τελευταῖον
573 638 824 691 ἕπιγέννη,ιι(ι.
884 638 963 678 Sed
1001 647 1126 679 tamen
1166 656 1278 690 quam
1312 643 1423 681 fami-

46 706 151 746 liaris
175 713 254 744 tmn
280 707 387 744 uobis
417 706 620 745 Lucianus·
639 708 775 756 suerit,
806 709 1062 747 annotationes
1092 716 1242 748 nostrae
1279 717 1423 748 testan-

45 780 129 811 tur:
161 780 198 811 et
226 788 301 812 non
329 775 521 824 exstabat,
551 789 635 813 cum
663 774 756 813 haec
783 775 1046 825 scriberemus,
1076 775 1196 815 Index
1225 779 1263 815 in
1284 777 1424 817 Lucia-

44 853 149 879 mun.
206 840 272 879 Ab
308 855 353 879 eo
395 849 565 890 tempore
605 848 794 891 nunquam
832 844 945 890 plane
983 845 1186 892 abjecimus
1224 845 1349 883 illum:
1385 852 1424 884 et

44 922 165 958 nunc,
206 922 292 946 cum
321 911 472 947 tertium
499 917 658 948 tractare
690 912 761 947 ista
791 917 960 958 oportet,
998 919 1168 950 recentes
1205 925 1334 950 sumus
1377 914 1423 951 ab

42 977 363 1023 interpretatione.
425 976 567 1016 Credet
594 978 711 1026 igitur
739 978 846 1014 nobis
873 978 1034 1016 fortasse
1073 980 1235 1029 aliquis,
1270 982 1424 1029 agnosci

43 1057 64 1081 a
101 1044 208 1081 nobis
246 1057 359 1091 posse
393 1058 526 1082 vocem
569 1051 607 1082 et
635 1058 848 1083 sermonem
877 1047 1018 1094 antiqui
1053 1059 1073 1083 a
1113 1048 1265 1097 triginta
1302 1062 1423 1096 paene

42 1112 149 1149 annis
186 1111 354 1159 sodalis,
390 1125 502 1159 quem
541 1125 663 1160 nuper
701 1113 854 1150 demum
890 1112 1030 1150 Latina
1066 1113 1172 1162 loqui
1211 1115 1420 1154 docuimus.

42 1177 150 1217 Haec
191 1180 346 1228 majoris
387 1192 472 1216 esse
514 1178 672 1226 debent,
724 1193 836 1227 quam
875 1182 907 1217 si
946 1182 1033 1229 quis
1071 1181 1194 1228 dicat,
1235 1181 1421 1220 lubricum

43 1260 156 1296 esse,
197 1246 298 1295 quod
336 1260 358 1283 a
387 1246 478 1284 stilo
519 1247 705 1296 sumitur,
759 1254 1040 1296 argumentum,
1095 1255 1133 1287 et
1161 1250 1305 1287 similes
1333 1249 1421 1288 huic

41 1315 219 1362 loquatur
247 1316 462 1352 sententias.
523 1313 601 1352 Sed
638 1316 677 1351 in
716 1328 795 1351 rem
834 1322 1071 1362 praesentem
1110 1318 1326 1365 veniamus,
1367 1324 1420 1367 et,

42 1388 222 1430 quantum
251 1384 334 1429 ejus
361 1389 485 1430 potest
510 1382 616 1430 fieri,
649 1389 932 1431 argumentum,
967 1382 1070 1431 quod
1098 1385 1235 1422 melius
1263 1386 1423 1424 sentitur

42 1456 80 1487 et
108 1456 281 1498 gustatur
310 1451 440 1498 quasi,
471 1442 583 1497 quam
612 1451 737 1487 verbis
767 1450 988 1498 explicatur,
1020 1451 1267 1490 declaremus.
1313 1451 1422 1491 Olim

40 1519 117 1567 jam
159 1515 405 1555 Tumoonus
444 1515 713 1566 mecums,
754 1530 831 1554 non
866 1531 951 1555 esse
980 1516 1141 1556 Luciani
1171 1517 1421 1571 Philopatrin,

41 1584 252 1633 contendit,
282 1591 431 1633 praeter
458 1585 531 1622 alia
559 1585 599 1622 id
627 1586 869 1634 arguentibus
895 1587 1045 1634 ineptiis
1074 1586 1180 1634 stili,
1220 1601 1313 1634 quas
1348 1602 1422 1636 pa*

39 1653 138 1702 ginis
167 1652 342 1689 omnibus
371 1652 460 1689 dicit
490 1666 700 1690 occurrere.
759 1651 861 1691 Istae
890 1667 980 1691 vero
1018 1654 1098 1691 stili
1125 1655 1290 1702 ineptiae
1329 1656 1421 1693 oriri

39 1732 214 1769 magnam
252 1726 396 1767 partem
435 1719 608 1758 videntur
642 1734 691 1758 ex
729 1720 900 1759 affectato
941 1720 1146 1758 infeliciter
1181 1722 1334 1760 sublimi
1377 1734 1420 1761 ac

40 1789 182 1837 trag-ico
211 1786 358 1825 dicendi
385 1801 549 1836 genere,
579 1787 682 1835 quod
708 1801 792 1825 cum
819 1801 895 1826 uon
925 1795 1205 1837 assequeretur,
1238 1791 1277 1826 in
1305 1789 1420 1828 affine

38 1855 99 1894 ilh·
132 1855 266 1892 vitium
286 1849 537 1906 ψυχρότητα
579 1855 711 1893 incidit
755 1869 867 1904 quam
909 1857 1145 1904 saepissime.
1206 1854 1330 1895 Tanto
1379 1856 1420 1895 id

39 1922 192 1972 quidem
220 1923 364 1971 magis,
403 1920 505 1970 quod
533 1924 730 1970 poetarum
757 1933 930 1971 magnam
959 1929 1106 1970 partem
1133 1923 1258 1960 verbis
1287 1925 1419 1972 utitur,

38 1992 160 2039 iisque
198 2003 332 2038 parum
374 1988 422 2025 ad
462 2002 545 2025 rem
571 1990 693 2037 aptis,
735 2002 807 2037 qua
843 1989 891 2026 de
936 2002 1066 2027 caussa
1109 1989 1262 2027 indutae
1295 1991 1419 2028 leonis

38 2059 188 2096 exuviis
218 2057 349 2094 simiae
378 2056 544 2093 similem
572 2056 760 2093 interdum
790 2055 875 2093 fieri
903 2069 1057 2094 neeesse
1099 2063 1171 2094 est.
1229 2052 1276 2094 In
1314 2064 1421 2095 utro-

39 2136 112 2174 que
149 2130 274 2162 autem
307 2136 448 2172 genere
485 2124 766 2172 incomparabili
820 2123 996 2161 facultate
1032 2123 1172 2172 gaudet
1207 2122 1418 2174 Lucianus‚

28 2191 87 2230 ad
125 2190 382 2239 effingendum
430 2191 543 2239 stilo,
589 2190 770 2239 quidquid
808 2190 985 2240 libuerit,
1034 2192 1257 2239 gravitatem
1305 2193 1420 2230 etiam

28 2260 238 2308 plusquam
262 2258 444 2306 tragicam
460 2285 472 2306 ,
503 2264 541 2295 et
570 2258 618 2295 ad
647 2257 892 2295 derivandum
917 2259 958 2294 in
984 2271 1073 2296 suos
1102 2257 1302 2308 hortulos,
1343 2272 1420 2296 non

37 2328 142 2364 rivos
165 2336 219 2363 ‘ex
246 2326 438 2363 veteribus
467 2326 616 2374 poetis,
644 2324 813 2363 Homero
842 2327 1054 2374 imprimis,
1093 2325 1159 2363 sed
1199 2328 1307 2374 quasi
1343 2325 1418 2364 flua

36 2394 139 2432 mina
154 2421 167 2443 ‚
196 2392 292 2430 adeo
321 2392 472 2440 quidem
487 2420 499 2441 ,
529 2398 593 2440 ut,
625 2407 709 2430 cum
735 2393 834 2431 male
861 2392 1045 2441 (maedam
1072 2393 1283 2441 applicasse
1310 2393 1419 2431 videa

39 2468 126 2510 tur,
154 2460 218 2498 vel
245 2459 449 2498 inflexione
479 2459 730 2510 depravasse,
774 2467 854 2498 tum
893 2460 1044 2498 demum
1071 2460 1214 2509 ingenii
1250 2461 1309 2498 vis
1351 2460 1418 2498 ad·3

38 2528 221 2567 mirabilis
251 2528 412 2565 eluceat.-
471 2525 598 2564 Unum
627 2541 676 2565 ex
716 2528 845 2574 multis
878 2527 1045 2576 exempli
1077 2535 1208 2565 caussa
1237 2526 1414 2565 affer-ami

39 2603 98 2635 est
126 2594 319 2644 Euripidis
347 2606 480 2634 versus
509 2594 845 2642 decantatissimum,
876 2584 1078 2645 o‘yykaioffi
1113 2585 1281 2644 ὀμῶμοχ
1299 2590 1311 2605 ²
1327 2586 1351 2644 ἦ
1374 2591 1418 2632 δὲ

40 2659 149 2718 φρὴν
179 2657 401 2713 ἀνώμοτος.
461 2661 587 2716 Quam
613 2662 740 2712 lepide
767 2660 839 2702 hoc
865 2661 1121 2702 accommodat
1159 2661 1207 2700 ad
1244 2663 1418 2711 jactatam

86 2727 242 2767 Luciam
274 2725 310 2763 V
310 2725 362 2765 ol.
385 2725 463 2762 IX.
1055 2716 1090 2756 T
1111 2724 1128 2757 t
