1740 3095
280 147 373 193 566
579 161 1347 195 ADNOTA‘rloNEs

277 279 484 331 Mercurii,
514 281 582 319 ille
608 272 717 332 εὖγε,
747 281 889 330 inquit,
920 275 975 327 ὥς
1003 277 1096 328 ὅλος
1137 276 1231 333 ἡμῖν
1269 286 1464 336 κυοφορεῖ
1498 277 1518 322 ὅ
1557 294 1646 335 γεν-

278 352 412 397 ναῖος,
454 347 520 386 καὶ
560 343 788 397 πανταχόθι
814 349 885 386 τοῦ
929 343 1129 398 σαξιιατος.
1188 349 1274 388 Jam
1311 350 1475 398 dictum,
1515 352 1554 388 in
1591 351 1648 389 se-

277 430 382 454 more
410 415 616 463 Bacchum,
646 416 685 452 in
715 417 864 453 cerebro
894 415 1091 454 Palladem
1117 431 1137 454 a
1164 416 1258 456 Jove
1287 425 1480 467 gestatam.
1518 417 1646 457 GESN.

361 482 449 521 end.
488 483 517 520 l.
561 484 627 521 15.
668 478 930 535 ΙΙροφήτη
946 484 987 534 ς]
1037 484 1095 522 Ita
1145 487 1257 523 etiam
1293 483 1500 533 Aristoplz.
1542 484 1646 522 Plut.

278 564 318 591 v.
352 554 416 587 11.
459 546 597 601 ἰατρὸς
635 545 690 587 ὢν
731 549 795 588 καὶ
820 546 989 600 μάντις,
1033 546 1086 597 ὡς
1127 552 1276 604 φασὶν,
1315 547 1456 604 σοφός.
1514 551 1648 589 Paullo

279 623 363 655 ante
392 615 528 662 λοξιάν
556 625 708 656 vocarat
736 617 937 668 Comicus,
965 619 1065 656 uude
1093 626 1151 657 est
1180 616 1428 672 ἀμφίλοξος,
1460 619 1560 667 quod
1588 618 1649 656 hic

278 683 380 732 apud
409 683 589 722 Nostrum
618 687 743 723 statim
772 687 956 734 sequitur.
1016 685 1295 736 Comparanda,
1336 701 1432 735 quae
1461 686 1507 724 de
1537 683 1648 740 λοξίᾳ

279 753 403 800 (quasi
433 753 627 800 obliquum
657 753 773 798 dicas)
805 753 1013 792 doctissimi
1048 756 1269 802 interpretes
1313 754 1359 792 ad
1387 751 1649 802 Aristophan.

278 820 307 858 l.
336 833 370 859 e.
401 827 437 858 et
466 834 563 868 quae
593 820 778 858 Macrob.
809 819 999 859 Saturnal.
1030 820 1063 871 I,
1098 826 1164 860 17.
1194 821 1362 860 Imcz‘an.
1398 820 1502 859 Dial.
1533 819 1650 858 Juno-

278 888 338 925 nis
380 894 417 925 et
445 887 639 936 Latonae,
673 883 878 926 Ἀπόλλων
908 892 1173 940 προςηοιεῖται
1202 886 1275 938 μὲν
1318 883 1449 926 πάντα
1490 885 1650 936 εἷὸεἰάι,

280 952 346 992 καὶ
374 950 569 1004 τοξεύειν,
599 953 665 993 καὶ
694 954 938 1004 κιθαρίζειν,
968 954 1033 993 καὶ
1065 952 1202 1006 ἰατρὸς
1231 950 1350 1004 εἶναι,
1382 953 1447 992 καὶ
1475 949 1650 1004 μαντεύ-

282 1023 426 1060 εσθαι·
468 1029 506 1060 et
534 1024 572 1060 in
601 1021 754 1060 Decret.
796 1021 988 1071 Deorum,
1029 1022 1126 1070 quod
1164 1024 1331 1071 ipsorum
1361 1020 1533 1059 Comitiis
1561 1021 1649 1059 sub-

280 1091 400 1137 jungit
429 1103 514 1138 pag.
547 1094 643 1128 716.
675 1096 848 1138 cavetur,
887 1103 935 1126 ne
964 1096 1040 1126 tam
1069 1090 1186 1126 multa
1215 1090 1318 1126 solus
1345 1089 1457 1125 saciat
1484 1087 1648 1136 Apollo,

281 1155 348 1193 sed
377 1170 492 1193 uumn
519 1157 663 1204 aliquid
700 1157 869 1206 eligens,
905 1163 968 1193 aut
997 1163 1144 1206 vatem,
1185 1163 1248 1193 aut
1276 1155 1557 1204 citharoedum,
1586 1160 1651 1192 aut

279 1222 464 1260 medicum
496 1222 656 1271 denique
677 1230 785 1271 *ag-at.
845 1222 973 1261 GESN.

364 1288 462 1328 ibid.
484 1286 704 1341 Ἰητρὸς]
749 1289 829 1329 Gur
868 1304 889 1327 a
927 1291 1075 1339 vulgari
1114 1290 1244 1339 lingua
1272 1288 1334 1327 hic
1375 1303 1504 1328 omnes
1545 1303 1650 1327 rece-

280 1356 368 1394 dant
404 1357 516 1407 libri,
555 1371 626 1406 ego
655 1371 743 1396 sane
769 1372 843 1395 nou
869 1358 1066 1407 intelligo3
1110 1358 1256 1395 servavi
1299 1365 1436 1395 tamen.
1496 1354 1648 1395 SoLAN.

281 1422 449 1462 Affectat
475 1431 625 1473 auctor,
654 1433 695 1462 ut
724 1425 841 1473 solet,
869 1426 1053 1473 poeticam
1082 1425 1264 1473 linguam.
1322 1423 1462 1462 LssuM.

366 1491 454 1529 ead.
490 1492 518 1529 l.
554 1497 620 1531 10.
656 1487 861 1542 Υευδόμ
878 1506 969 1530 αντ
984 1492 1053 1542 ιν]
1091 1491 1258 1530 Luciam.
1289 1498 1326 1530 et
1353 1491 1445 1529 haec
1472 1505 1547 1529 vox
1577 1497 1650 1541 est,

282 1559 346 1606 qui
375 1559 546 1608 dialogo,
586 1573 659 1608 quo
689 1558 903 1598 Alexandri
943 1561 1166 1610 praestigias
1205 1560 1372 1609 detexit,
1413 1560 1452 1596 in
1490 1559 1650 1596 nominis

281 1625 385 1677 fecit..
426 1624 554 1664 GssN.

365 1690 462 1730 ibsd.
507 1689 612 1731 Τὸν
653 1692 898 1744 Κροῖσον
945 1689 1340 1743 ὃιολωλεκότα]
1384 1689 1653 1740 Adscripserat

281 1758 325 1797 Ia
355 1759 505 1798 Groze:
543 1758 640 1798 Vid.
683 1766 763 1798 acta
800 1759 955 1798 Achatii
993 1762 1158 1808 episcopi
1196 1763 1235 1798 in
1273 1762 1365 1798 actis
1391 1766 1550 1809 martyr.
1580 1760 1650 1798 sel.

282 1840 321 1875 p.
358 1830 452 1864 140.
495 1825 580 1865 Nou
620 1841 709 1865 vero
739 1829 829 1866 satis
868 1828 1064 1876 distincte,
1104 1827 1151 1864 ad
1190 1841 1284 1876 quae
1319 1828 1434 1864 verba
1469 1827 1508 1863 id
1540 1828 1653 1875 perti-

282 1900 394 1940 neat,
425 1894 523 1941 quod
553 1895 623 1931 illo
651 1895 748 1932 libro
778 1894 978 1932 destitutus
1004 1894 1181 1943 indagare
1212 1908 1371 1942 nequeo.
1429 1893 1582 1932 REITz.

366 1959 463 1998 ibid.
506 1959 769 2013 Κροῖσον]
825 1960 1031 2010 Utrumque
1074 1963 1266 1999 oraculum
1304 1962 1446 2010 profert
1482 1959 1651 2000 Luciam.

282 2025 368 2066 Jov.
409 2027 523 2077 Trag.
563 2043 598 2067 c.
638 2033 705 2066 20.
747 2028 809 2066 De
849 2027 989 2066 Croeso
1033 2028 1183 2077 quidem
1229 2030 1490 2078 pervulgatum
1542 2029 1651 2079 illud,

284 2091 588 2146 Κροῖσοςᾌλυν
610 2092 757 2144 διαβὰς
784 2090 958 2146 μεγάλην
982 2092 1107 2147 ἀρχὴν
1137 2092 1330 2145 διαλύσει,
1359 2097 1422 2133 ubi
1443 2095 1652 2134 hostiumne

284 2162 382 2200 foret
420 2164 638 2210 imperium,
677 2176 723 2200 an
754 2160 906 2211 Croesi,
945 2164 1151 2201 incertum:
1194 2163 1240 2201 de
1271 2161 1487 2200 Salaminiis
1515 2170 1652 2213 autem,

287 2221 319 2268 ὦ
349 2227 442 2267 θεία
471 2227 678 2278 Σαλαμὶς,
709 2225 868 2275 ἀπολεῖς
896 2227 938 2267 δὲ
968 2226 1015 2267 σὺ
1046 2227 1163 2269 τέκνα
1190 2231 1415 2282 γυναικῶν,
1460 2232 1524 2268 ubi
1551 2238 1652 2280 nota,

286 2294 495 2333 Luciauum
535 2296 718 2345 adjicere,
772 2295 838 2334 καὶ
876 2294 1032 2348 Πέρσαι
1073 2294 1148 2349 γὰρ
1181 2292 1315 2347 οἶμαι,
1356 2296 1421 2335 καὶ
1453 2293 1651 2348 ’Έλληνες,

286 2364 483 2415 γυναικῶν
512 2360 629 2402 τέκνα
658 2355 782 2414 ἦσαν·
813 2370 856 2402 ut
884 2363 977 2402 adeo
1004 2363 1104 2401 haud
1133 2366 1287 2403 obscure
1316 2366 1477 2414 applicet
1505 2366 1550 2404 ad
1578 2367 1653 2404 cla-

288 2431 373 2468 dem
403 2428 672 2479 Salaminiam,
713 2445 786 2479 qua
816 2429 953 2469 Persae
988 2433 1114 2470 navali
1142 2433 1285 2481 proelio
1322 2434 1410 2470 victi
1451 2439 1563 2471 sunt:
1604 2447 1653 2471 ex

288 2497 481 2535 Herodot.
512 2512 601 2536 vero
630 2496 725 2547 VII,
759 2502 852 2539 141.
883 2513 962 2548 seq.
995 2499 1105 2538 Plut.
1135 2502 1173 2537 in
1202 2498 1384 2537 Themist.
1415 2514 1452 2548 p.
1482 2514 1533 2538 m.
1556 2505 1649 2538 212.

289 2572 328 2602 et
366 2566 532 2603 omnium
570 2565 825 2613 copiosissime
864 2579 913 2603 ex
956 2565 1147 2605 Oenomao
1192 2567 1335 2617 Cynico
1374 2567 1472 2615 apud
1509 2566 1650 2604 Euseb.

289 2629 466 2681 Praepar.
495 2631 640 2683 Evang.
669 2630 727 2682 V,
757 2634 824 2675 24.
853 2632 901 2673 de
930 2640 1007 2675 tota
1034 2633 1190 2675 historia
1218 2634 1310 2673 satis
1336 2640 1490 2674 constat.
1548 2633 1652 2686 Quid
