1768 3125
279 179 369 215 1N
441 178 1145 212 P111LoPAwnxx.
1329 166 1424 210 593

47 303 147 352 plico
176 301 223 340 de
268 316 342 340 non
380 301 571 351 novanda,
614 301 681 339 sed
724 301 761 338 in
796 307 893 338 statu
936 313 1005 339 suo
1046 298 1315 348 relinquenda,
1353 301 1425 337 ista

47 371 325 420 praeteritione.
384 369 469 408 Hoc
518 369 670 417 quidem
718 370 870 417 proprie
923 368 1108 417 significat
1160 365 1422 405 καταλείπειν.

47 438 161 489 Quod
189 451 367 486 praesens
408 439 532 485 posuit
571 444 698 474 auctor
735 451 803 484 pro
839 437 965 473 futuro
977 466 987 483 ,
1028 450 1107 473 rem
1148 442 1286 472 certain
1326 435 1425 472 forte

46 506 209 543 indicare
240 507 378 554 voluit,
418 512 480 543 aut
519 505 620 542 dedit
649 505 772 541 futuro
801 503 965 542 secundo
996 503 1217 541 καταλιῑιεΐ.
1279 501 1422 540 Κατα-

47 569 153 611 λύσει
187 573 548 620 Ilemmmm‘anum,
579 578 663 619 aut,
704 572 803 620 quod
831 573 925 609 alias
956 571 1197 619 suspicabar,
1238 568 1424 608 καταλεί-

45 649 115 690 ψει
146 655 167 678 a
196 642 310 678 verbo
339 639 591 692 καταλείψω,
636 640 682 676 ad
723 639 964 677 abolitionem
1002 639 1239 688 reliqttomcm
1267 637 1424 686 pulchre

44 710 292 756 conveniuut3
323 708 391 745 sed
419 722 492 745 nou
520 709 570 745 ita
599 708 694 745 bene
724 707 770 744 ad
800 703 1088 754 &Amnaquof-‚c
1112 707 1190 743 τῶν
1212 704 1422 753 ἐξισωὲιῦν,

46 776 178 823 quales
209 775 501 823 descripsimus:
530 789 624 823 quos
655 775 807 823 quidem
835 775 984 824 legibus
1013 775 1263 821 posteriorum
1292 772 1423 821 Impe-

43 849 208 881 ratorum
239 844 414 889 relictos,
446 844 534 890 quin
565 843 803 879 confirmatos
834 849 872 879 et
904 848 1055 888 auctos,
1094 842 1328 878 immunitate
1364 854 1424 878 ec-

46 910 174 947 clesiis
214 917 251 947 et
292 911 397 946 bonis
427 911 693 947 ecclesiasticis
725 922 922 954 concessa,
962 909 1053 944 satis
1093 914 1249 944 constat.
1292 907 1422 946 (fissit.

43 973 274 1022 Καῖαλύσει
306 977 400 1025 legit
426 976 622 1014 Heuman.
654 976 767 1014 Poec.
800 991 838 1025 p.
871 978 966 1014 252.
1027 973 1176 1013 Rnrrz.

129 1042 217 1082 ead.
258 1043 286 1080 l.
329 1048 367 1082 3.
414 1041 485 1081 Τὰ
517 1041 651 1095 χρέα
694 1047 813 1090 τοῖς
848 1041 1188 1091 δανεισταῖς]
1231 1039 1423 1091 Studiose,

44 1118 154 1160 puto,
195 1110 255 1148 hic
295 1112 514 1159 cavillatur,
554 1125 638 1149 cum
678 1109 881 1149 Christiani
922 1125 995 1148 non
1035 1110 1081 1147 de
1123 1111 1229 1147 novis
1271 1111 1425 1157 tabulis,

45 1179 359 1227 dissolvendoque
390 1192 456 1227 per
484 1193 595 1216 unam
634 1180 832 1227 epistolam
862 1192 948 1216 aere
988 1178 1137 1225 alieno,
1178 1178 1292 1214 locuti
1334 1178 1422 1227 sint,

45 1246 112 1285 sed
160 1247 207 1284 de
258 1245 417 1296 debitis,
466 1260 624 1295 quorum
659 1247 699 1284 in
740 1247 924 1284 dominica
962 1247 1126 1284 oratione
1165 1247 1305 1283 mentio
1351 1252 1423 1284 est.

47 1314 175 1354 GnsN.

131 1381 226 1420 ibid.
260 1378 585 1429 Ἀποδώσει]
618 1380 727 1431 Lege
758 1378 994 1420 ἀποδίδωσι.
1054 1380 1218 1419 Gmmr.

131 1449 228 1487 ibid.
274 1449 375 1487 Καὶ
411 1445 469 1488 τά
508 1454 584 1496 τε]
626 1449 754 1488 Hocce
793 1449 859 1488 καὶ
900 1449 1103 1488 delendum
1144 1455 1271 1486 monet
1310 1447 1424 1487 Heu-

44 1532 176 1558 mann.
208 1517 319 1556 Poee.
356 1533 394 1566 p.
428 1521 522 1556 252.
553 1519 579 1556 s.
640 1517 786 1555 Ritu-z,

73 1574 82 1588 ⁴
129 1584 223 1622 ibid.
264 1582 523 1632 Ἐνοίκια]
566 1584 722 1634 Proprie
765 1584 1030 1622 conductarum
1073 1585 1221 1622 aedium
1264 1598 1425 1634 merces,

47 1666 161 1701 quam
200 1652 409 1690 dissolvere
446 1659 483 1691 et
522 1655 688 1701 privatae
729 1660 766 1690 et
807 1653 978 1701 publicae
1024 1653 1262 1691 liberalitatis
1304 1666 1425 1701 genus

46 1720 185 1766 fuisse,
218 1720 326 1758 docet
354 1734 391 1759 V.
424 1735 461 1758 θ’.
494 1719 666 1759 Lucian.
698 1719 894 1758 Cronosol.
925 1735 963 1768 p.
997 1724 1092 1758 617.
1123 1718 1218 1758 Vid.
1254 1719 1423 1758 Cas—aab.

47 1786 96 1824 ad
139 1787 297 1825 Sueton-
335 1786 414 1826 Jul.
456 1801 490 1826 c.
531 1792 600 1827 38.
645 1788 765 1826 Gron.
796 1788 842 1825 de
871 1786 962 1826 Pec.
992 1785 1086 1826 Vet.
1117 1786 1161 1837 I,
1202 1793 1242 1826 2.
1282 1803 1322 1837 p.
1356 1792 1423 1827 57.

49 1853 178 1892 GEsN.

422 1749 443 1769 U

132 1920 220 1960 ead.
263 1922 290 1960 ἶ.
323 1925 362 1960 4.
402 1917 777 1973 Εἷραμάγγας]
827 1921 878 1959 Et
923 1921 996 1959 hoc
1038 1923 1309 1960 conclamatum
1351 1929 1424 1971 est,

47 1991 120 2027 nisi
159 1991 256 2027 forte
295 1991 334 2026 in
371 1990 568 2037 glossariis
606 1991 873 2026 recentioribus
909 1989 1051 2036 aliquid
1097 1997 1212 2027 restet
1250 1990 1424 2028 subsidii.

46 2057 269 2096 Barbariem
295 2056 430 2092 harum
458 2070 593 2093 vocum
621 2058 778 2093 miratur
804 2071 949 2094 mecum
977 2056 1181 2094 Kasterus.
1223 2058 1318 2096 Vid.
1345 2057 1425 2095 Le·-

48 2123 156 2172 xiph.
186 2137 266 2172 cap.
301 2126 340 2161 4.
372 2119 539 2160 κατόπιν
570 2124 648 2160 τῶν
678 2118 963 2175 Καριμάνττιην,
992 2131 1029 2161 et
1058 2139 1104 2161 an
1133 2124 1205 2162 huc
1227 2127 1423 2172 pertineat.

50 2191 218 2230 SOLAN.
276 2189 397 2228 Varia
426 2192 465 2227 in
492 2198 654 2227 mentem
684 2205 820 2228 venere
849 2193 941 2229 viris
971 2192 1089 2229 doctis
1121 2192 1167 2229 de
1195 2193 1425 2229 emendanda

50 2259 120 2297 hac
147 2272 252 2297 voce.
310 2256 373 2295 Ac
399 2254 513 2304 τοὺς,
545 2272 618 2295 non
648 2255 721 2303 τὰς
737 2288 748 2305 ,
779 2273 908 2296 omnes
937 2260 1092 2308 volunt,
1134 2274 1202 2308 pro
1230 2256 1424 2310 εἷραμάγ-

49 2340 122 2378 γας
151 2333 276 2364 autem
315 2320 600 2376 ἶερομονάχους
628 2324 915 2374 Heumamms,
954 2328 1175 2376 ingeniose,
1222 2334 1263 2364 ut
1303 2328 1425 2376 solet3

0 2388 4 2432 ἶ
50 2394 117 2432 sed
146 2408 302 2442 vereor,
341 2406 388 2429 ne
412 2391 557 2429 Juliani
587 2394 699 2430 etiam
729 2406 819 2430 aevo
850 2395 898 2430 sit
926 2394 1023 2431 illud
1050 2409 1188 2432 nomen
1226 2396 1423 2433 recentius.

0 2477 2 2517 ᾗ
49 2457 302 2512 Εἷροηειτάς
333 2458 548 2506 Νοιιόιιι·ἰί,
592 2461 662 2497 viri
693 2467 730 2497 et
758 2462 879 2508 ipsius
909 2462 1229 2510 ingeniosissimi,
1269 2462 1424 2510 serrem,

3 2518 4 2521 Ἴ
50 2530 83 2568 si
136 2529 182 2566 de
226 2526 427 2565 Socraticis
476 2526 717 2575 Philosophis
766 2541 890 2565 serino
941 2536 1054 2566 esset.
1110 2524 1426 2578 Ὀιέιρομιίντεις

49 2595 139 2636 huic
168 2597 253 2634 loco
283 2597 385 2644 apti,
411 2595 482 2633 sed
515 2596 599 2643 quis
630 2596 749 2643 capite
779 2595 960 2632 deminuit
997 2602 1034 2633 et
1074 2591 1309 2644 prima’illos
1345 2596 1428 2645 syl-

50 2664 134 2702 laba
157 2662 369 2702 truncavit?
429 2657 680 2715 Εἷρηνάρχαι
709 2662 942 2712 aliquamdiu
969 2661 1064 2701 mihi
1098 2663 1317 2711 placebant,
1356 2676 1426 2701 nec

97 2727 255 2762 Lucem.
283 2727 368 2764 Vol.
395 2726 469 2762 IX.
1062 2717 1093 2756 P
1108 2733 1133 2769 Ρ
