1768 3125
234 163 302 193 IN
340 161 716 195 οοΝνινιυΜ
753 160 874 193 sau
910 161 1250 208 LAPITHAs.
1342 153 1435 198 365

67 281 223 320 Encom.
253 296 288 321 c.
309 286 348 321 5.
378 282 446 321 sed
475 289 513 321 et
541 283 693 332 vulgata
720 283 811 322 ferri
838 289 974 333 potest,
1004 297 1114 332 quam
1143 283 1228 322 ideo
1249 284 1332 323 loco
1358 300 1439 325 mo-

67 364 157 389 vere
191 350 396 389 noluimus.
456 349 621 388 Sonm.
692 350 837 390 Eadem
879 352 1080 390 earundem
1116 365 1248 389 vocum
1283 356 1438 391 variatio

69 419 149 455 illic
175 416 492 467 deprehenditur,
526 421 586 456 ubi
617 417 762 457 Socrati
792 419 1011 456 moribundo
1042 420 1216 457 tribuitur
1246 417 1440 469 ἄτρεπτον

67 486 130 523 vel
160 486 198 521 in
227 499 300 522 uno
324 484 418 524 cod.
450 482 640 537 ἄτρεστον
671 483 879 538 πρόςωπον
909 486 1026 524 Diali.
1056 485 1190 525 Mortt.
1223 487 1353 539 XXI,
1386 494 1440 538 1.‚

68 553 133 590 ubi
182 552 291 599 vide,
346 567 442 601 quae
482 554 588 592 docte
624 555 824 592 admodum
859 569 926 602 pro
966 569 1069 593 inore
1107 570 1198 605 suo,
1244 570 1314 594 nec
1352 572 1441 596 vero

67 621 190 658 minus
229 620 423 669 modeste,
462 622 614 661 disserit
651 620 968 660 Hemsterhusius
1005 621 1114 661 Tom.
1151 622 1204 661 11.
1246 623 1329 673 huj.
1366 624 1438 663 Ed.

67 702 106 737 p.
139 692 234 726 610.
266 702 324 737 sq.
380 687 526 728 LFHM.

153 754 232 793 ead
268 756 297 794 l.
341 760 407 795 17.
448 754 629 795 Αὐτοῦ
672 778 721 785 —-
765 752 816 794 ἒν
846 753 1030 808 ’με’ρει]
1078 756 1181 809 Quid
1221 758 1325 798 hisce
1352 760 1443 799 dua-

69 824 139 861 bus
184 824 326 862 ultimis
375 825 526 862 vocibus
564 823 850 872 intellig-endum
892 826 963 871 sit,
1014 826 1137 863 fateor
1180 840 1240 864 me
1281 831 1440 868 nescire.

69 890 164 930 Vid.
192 890 332 943 Quom.
361 891 463 930 Hist.
496 890 650 929 Couscr.
692 905 774 939 cap.
809 895 846 928 1.
886 892 950 928 ubi
989 894 1029 929 in
1070 894 1292 941 quibusdam
1320 894 1441 936 Codd.

70 961 121 996 ita
150 961 261 996 etiam
287 960 441 1008 legitur,
472 973 539 1007 pro
567 960 720 1008 vulgato
751 957 790 996 ἐν
818 956 940 1008 μέλει.
983 960 1141 999 SoLAN.
1201 961 1445 1003 Fritzsclu'us

70 1025 227 1077 Quaest.
269 1041 307 1075 p.
338 1030 407 1064 42.
443 1025 541 1063 nihil
577 1028 779 1064 immutans
819 1028 907 1073 (nisi
947 1028 1048 1076 quod
1087 1023 1211 1066 αὑτοῦ
1242 1044 1308 1078 pro
1337 1033 1442 1081 vulg.

29 1096 31 1098 ’
70 1090 217 1143 αὐτοῦ,
261 1094 362 1144 quod
400 1096 625 1143 interpretes
652 1109 720 1143 per
748 1095 830 1132 illic
858 1095 1126 1146 reddiderunt,
1169 1100 1279 1136 tacite
1309 1102 1444 1138 rescri-

68 1161 163 1211 psit)
202 1163 256 1201 sic
281 1164 421 1211 sensit,
459 1162 649 1200 rhetorem
678 1176 751 1200 una
780 1176 830 1200 ex
860 1164 1108 1211 orationibus,
1150 1179 1242 1212 quas
1272 1168 1445 1205 continua

70 1231 170 1268 serie
217 1231 415 1279 recitaret,
467 1230 637 1267 absoluta
675 1229 722 1266 ad
761 1230 855 1267 alias
893 1232 1122 1278 perrexisse.
1192 1231 1364 1271 Eundem
1406 1236 1445 1272 in

70 1309 226 1335 sensum
255 1296 396 1347 Quom.
426 1295 527 1334 Hist.
558 1295 712 1335 Conscr.
751 1311 782 1335 c.
817 1302 854 1335 1.
893 1297 934 1336 ἐν
970 1296 1079 1349 μέρει
1118 1300 1305 1349 explicat,
1345 1302 1445 1350 quod

71 1378 168 1402 nunc
209 1366 322 1402 etiam
358 1364 451 1402 mihi
489 1366 610 1414 magis
650 1365 813 1412 arridet,
859 1379 968 1414 quam
1006 1367 1200 1415 vulg-atum
1242 1366 1282 1405 ἐν
1321 1367 1444 1418 μέλει.

70 1432 218 1471 me.

130 1500 257 1553 ffiPag.
290 1503 357 1538 56.
401 1499 430 1538 l.
462 1505 501 1538 3.
546 1494 853 1552 Πινδάρου]
894 1499 1104 1539 Homerum
1145 1516 1218 1539 non
1257 1506 1446 1554 nominat,

72 1569 159 1617 quia
186 1568 226 1604 iu
254 1581 346 1604 voce
376 1563 604 1621 ἐρραψῴδει
635 1571 726 1606 satis
757 1569 994 1617 intellig-itur.
1054 1569 1213 1607 SoLAN.

154 1633 243 1672 ead.
282 1634 310 1672 l.
346 1639 387 1674 7.
429 1634 532 1673 Σὺν
572 1633 615 1673 δ’
659 1632 875 1687 ἔβαλον]
920 1636 1043 1675 Hom.
1083 1635 1132 1675 11.
1169 1635 1234 1687 A,
1276 1642 1373 1679 447.
1411 1648 1449 1678 et

73 1704 170 1742 450.
213 1702 374 1742 SoLAN.

155 1769 244 1809 ead.
275 1770 304 1808 l.
337 1774 403 1808 11.
438 1765 511 1807 Τὰ
541 1764 671 1820 ὄψα]
701 1769 803 1809 Hinc
831 1771 977 1819 discas,
1008 1774 1157 1822 proprie
1184 1772 1231 1811 de
1259 1774 1307 1811 iis
1337 1789 1448 1814 usur-

73 1839 182 1889 pari,
212 1851 306 1886 quae
335 1839 374 1875 in
403 1838 576 1876 secundis
605 1839 745 1875 mensis
775 1840 1068 1887 apponebantur.
1127 1840 1288 1880 SoLAN.

159 1904 247 1944 ead.
305 1905 333 1943 l.
377 1908 442 1944 15.
490 1903 845 1957 Ἐξυρημένος
895 1904 985 1957 τὴν
1025 1905 1285 1960 κεφαλὴν]
1340 1908 1448 1948 Calvi

74 1981 179 2013 erant
212 1975 344 2023 mimi,
386 1980 427 2011 ut
469 1974 568 2022 apud
600 1973 801 2012 Artemid.
840 1988 873 2014 c.
905 1979 971 2012 23.
1004 1973 1052 2013 L‘.
1084 1974 1118 2013 I.
1159 1975 1362 2027 ξυρᾶσθαι
1405 1976 1448 2016 δὲ

75 2040 204 2079 δοκεῖν
241 2037 312 2091 τὴν
346 2037 524 2092 κεφαλὴν
554 2037 650 2091 ὅλην
680 2038 781 2091 πλὴν
807 2040 1042 2092 Αἰγυπτίων
1071 2044 1180 2080 θεῶν
1208 2040 1349 2096 ἱερεῦσι
1380 2044 1446 2083 καὶ

74 2108 352 2159 γελωτοποιοῖς
382 2115 452 2145 etc.
499 2106 564 2145 Sic
591 2109 630 2145 in
657 2107 823 2146 Anthol.
856 2114 895 2147 3.
925 2106 1063 2162 μωρὸν
1093 2104 1191 2164 ὁρᾷς
1221 2110 1444 2164 φαλακρόν.

74 2176 244 2216 Bonan.
286 2175 402 2224 ϋηο-Ρ.
433 2172 575 2212 Barth.
617 2175 700 2214 adv.
733 2175 781 2213 L.
814 2175 909 2215 Vll.
940 2190 973 2215 c.
1007 2182 1044 2217 5.
1074 2177 1167 2217 haec
1194 2180 1308 2217 verba
1338 2179 1447 2228 (ἐξυ-

77 2241 247 2297 ρημένος
286 2239 358 2294 τὴν
392 2238 587 2294 κεφαλὴν)
626 2250 801 2293 tanquam
828 2245 996 2293 glossam
1024 2247 1147 2295 ejicit3
1194 2247 1280 2284 vide
1306 2249 1444 2296 ipsum.

75 2310 252 2351 Ama.
319 2310 577 2358 Depravatum
625 2324 709 2348 esse
756 2310 854 2350 hunc
896 2313 1042 2362 locum,
1091 2315 1326 2353 manifestius
1374 2323 1446 2366 est,

76 2393 189 2428 quam
225 2385 268 2416 ut
304 2377 351 2415 de
388 2392 433 2415 eo
462 2378 687 2416 monendum
713 2380 775 2416 sit.
833 2378 912 2418 Sed
940 2381 979 2418 in
1006 2381 1117 2420 libris
1144 2382 1242 2420 nihil
1271 2390 1329 2421 est
1357 2385 1446 2422 sub-

77 2446 187 2485 sidii:
240 2450 343 2492 <nam
378 2444 478 2494 quod
508 2443 560 2483 O.
600 2443 732 2498 φέρων
770 2461 838 2495 pro
867 2443 967 2497 ἔχων
994 2447 1130 2500 habet,
1173 2448 1270 2488 nihil
1297 2453 1401 2499 juvat
1413 2454 1444 2502 3)

76 2527 147 2552 nec
171 2513 372 2563 quidquam
400 2513 602 2562 succurrit,
633 2513 733 2561 quod
760 2513 808 2551 ad
836 2515 1137 2555 emendationem
1164 2518 1264 2556 viam
1286 2521 1443 2567 aperiat.

76 2579 173 2620 Vid.
200 2580 262 2620 De
288 2579 412 2620 Mbrc.
442 2578 562 2618 codd.
602 2592 684 2628 cap.
715 2584 782 2620 27.
824 2583 890 2620 ubi
928 2583 976 2622 de
1013 2583 1228 2633 hujusmodi
1266 2586 1444 2625 saltatore

78 2661 204 2688 nermo
252 2656 325 2688 est.
382 2648 544 2690 Sexum.
606 2646 714 2688 Nihil
757 2662 913 2690 caussae
954 2652 1080 2690 attulit
1115 2649 1333 2704 Bartln‘us,
1378 2668 1444 2693 cur
