1740 3095
300 140 395 189 374
643 156 1428 190 ADNoTA‘ronEs.

298 286 426 317 contra
461 290 642 327 prorsus,
679 290 792 325 quam
831 278 1008 325 oportuit.
1064 275 1151 315 Non
1187 278 1287 315 enim
1324 289 1457 326 graves
1485 287 1569 314 esse
1597 275 1663 313 de-

296 353 504 392 monstrat,
546 344 614 383 sed
651 344 815 391 seniles,
858 343 930 382 hoc
957 350 1038 393 est,
1077 344 1256 394 frigidas,
1296 345 1484 382 nullarmn
1511 344 1662 392 virium,

297 413 445 464 infirme
476 413 655 460 scriptas,
685 411 798 459 plane
826 413 948 461 qualis
974 419 1032 450 est
1060 411 1249 460 appendix
1276 410 1591 451 Observationum
1616 411 1663 448 ad

299 480 474 528 Melam,
503 478 669 516 Londini
696 493 817 528 nuper
842 481 1039 528 impressa.
1098 478 1235 518 GnoN.

382 545 470 584 ead.
499 546 530 584 l.
563 551 630 585 10.
660 544 1027 596 Καλυδωνίου]
1058 543 1123 583 Sic
1144 546 1315 594 plerique
1343 547 1516 595 impressi
1543 552 1581 583 et
1608 543 1662 583 Ο.

295 612 341 655 In
369 613 445 652 Fr.
474 612 592 662 Hag.
621 620 660 651 et
686 613 787 653 Par.
828 611 1098 652 Καλυόονίου.
1155 613 1316 652 SoLAN.

381 681 484 730 Pag.
514 684 586 720 71.
614 680 644 720 Ζ.
675 684 717 720 4.
739 677 851 733 Ἀφ’
881 677 1021 731 ἑνὸς]
1063 679 1129 718 Sic
1160 680 1289 720 Tacit.
1318 677 1425 718 Ann.
1454 678 1564 728 XII,
1594 684 1664 718 49.

298 761 347 786 ne
375 750 492 787 ceteri
519 762 666 801 quoque
692 764 748 787 ex
775 749 940 799 Peligna
966 749 1287 801 conjectarentur.
1322 748 1482 786 Terent.
1522 746 1665 787 Heaut.

296 815 379 865 Ill,
429 820 472 854 3.
517 815 606 864 Ego
652 815 702 855 de
737 831 796 855 me
831 817 1090 869 conjecturam
1118 817 1254 869 facio.
1321 814 1387 854 Sic
1426 815 1568 854 Noster
1602 814 1665 853 De

296 882 422 923 Merc.
452 881 574 924 Gond.
604 897 685 934 cap.
717 888 784 924 11.
815 890 852 922 et
881 897 961 932 cap.
993 887 1062 922 61.
1119 884 1277 922 SoLAN.

381 949 471 990 ead.
510 951 541 990 Ζ.
577 956 618 992 8.
666 946 981 1003 Διοςκούρω
998 951 1042 1000 ν]
1098 949 1174 989 Hic
1213 951 1318 988 locus
1359 964 1443 988 cum
1481 964 1554 999 eo,
1601 951 1667 998 qui

298 1032 380 1067 cap.
422 1022 464 1057 9.
499 1025 645 1068 exstat,
683 1019 748 1056 ubi
789 1014 913 1070 ἱερεὺς
949 1021 1031 1056 τοῖν
1072 1012 1237 1055 ἀνάκοιν
1276 1017 1435 1066 dicitur,
1493 1018 1666 1067 collatus,

299 1086 454 1134 evincit,
496 1086 673 1135 eosdem,
713 1087 776 1133 qui
813 1086 866 1123 ibi
895 1081 1037 1129 ἄνακες
1065 1085 1260 1132 dicuntur,
1296 1082 1358 1121 hic
1393 1080 1667 1136 Διοςκούρους

298 1152 445 1191 audire.
501 1151 585 1190 Non
624 1152 831 1190 audiendus
860 1165 950 1200 ergo
979 1151 1225 1199 Mausacm,
1263 1152 1327 1198 qui
1356 1150 1403 1188 ad
1430 1150 1668 1199 Harpocra-

297 1223 436 1258 tionem
473 1226 586 1269 negat
623 1217 817 1257 Castorem
854 1225 892 1256 et
928 1217 1120 1257 Pollucem
1158 1217 1342 1266 intellig-i,
1394 1232 1477 1255 cum
1505 1215 1667 1266 ’Ἀνακες

298 1288 557 1336 nominantur3
587 1287 666 1325 vid.
697 1288 809 1324 etiam
834 1285 1001 1325 Aclicm.
1030 1284 1088 1325 V.
1117 1283 1173 1324 H.
1201 1283 1286 1333 IV,
1316 1288 1356 1324 5.
1395 1285 1554 1324 ὅθι-ΑΝ.

385 1353 476 1393 ead.
506 1354 536 1393 l.
569 1359 636 1395 12.
668 1350 1051 1407 ΖΙΙαστρωπὸς]
1094 1351 1192 1392 Vid.
1222 1366 1335 1402 supra
1363 1350 1501 1392 Amor.
1531 1367 1566 1393 c.
1601 1357 1666 1394 16.

295 1420 457 1462 somn.

381 1488 473 1529 cad.
502 1488 533 1528 l.
566 1492 633 1529 16.
670 1484 774 1528 Ἐπὶ
801 1485 1053 1540 τέτταρσι
1084 1485 1358 1540 δραχμαῖς
1386 1485 1523 1534 daza]
1554 1485 1668 1526 Men—

299 1564 404 1595 strua
441 1555 535 1595 haec
570 1570 683 1594 usura
707 1562 810 1595 erat:
858 1555 956 1594 unde
984 1557 1101 1605 liquet
1129 1557 1302 1593 atrocitas
1330 1556 1433 1592 illius
1459 1555 1668 1592 foenerato-

300 1626 379 1674 ris,
416 1626 480 1672 qui
508 1625 704 1672 quotannis
731 1637 800 1672 pro
829 1630 998 1672 centmn,
1037 1625 1093 1661 uti
1119 1637 1190 1661 nos
1219 1623 1430 1672 loquimur,
1460 1625 1514 1661 48
1540 1623 1669 1661 foeno-

299 1693 354 1730 ris
381 1691 464 1729 loco
493 1692 680 1739 exigebat.
737 1690 897 1729 SoLAN.

385 1757 473 1796 ead.
504 1758 535 1797 ἶ.
567 1762 635 1797 17.
670 1754 805 1796 Οὐδὲ
836 1752 998 1808 ἄγχω]
1039 1754 1136 1796 Vid.
1164 1754 1339 1795 Hel-mot.
1367 1769 1401 1795 c.
1433 1761 1502 1796 80.
1531 1764 1569 1795 et
1598 1762 1666 1797 81.

297 1825 455 1865 SoLAN.

384 1892 486 1940 Pag.
517 1895 586 1930 72.
615 1890 646 1929 l.
668 1886 839 1940 ’Έτυχε
868 1885 966 1941 γὰρ
994 1887 1173 1940 πίνων]
1204 1889 1260 1928 Ita
1290 1888 1371 1929 Ox.
1399 1891 1561 1942 optime,
1599 1905 1668 1940 pro

301 1975 370 2011 eo,
400 1959 499 2009 quod
527 1960 565 1996 in
594 1959 750 2006 reliquis
781 1964 862 2007 est,
895 1955 1032 1996 πίνων.
1071 1954 1150 1995 καί.
1209 1957 1367 1997 δοιΑΝ.

385 2026 474 2066 ead.
503 2027 532 2064 l.
567 2031 607 2064 Ο.
654 2021 758 2063 Οὔκ
799 2019 1019 2071 ἀνάξιος
1056 2020 1143 2074 ὢν]
1184 2023 1359 2074 Legend.
1388 2024 1557 2075 videtur,
1598 2021 1668 2062 οὐκ

303 2091 352 2134 ἂν
383 2091 493 2141 ἄξιος
518 2088 589 2131 ὤν.
638 2090 884 2131 Βθηιοείῆσιι.
933 2091 999 2129 καὶ
1028 2088 1078 2130 τὰ
1104 2089 1177 2141 μὲν
1205 2087 1307 2129 ἄλλα
1335 2092 1496 2140 σιωπῶ,
1546 2087 1666 2130 πόλλ)

303 2159 352 2200 ἂν
391 2159 490 2212 ἒᾷων
530 2159 661 2198 εἷπεῖν.
710 2160 875 2199 GUYET.
933 2158 1040 2198 Nihil
1065 2158 1244 2197 hactenus
1270 2160 1316 2197 ab
1344 2158 1436 2197 Ioue
1465 2159 1669 2197 admissum

301 2232 442 2268 lectum
469 2236 546 2277 est,
576 2235 801 2276 quapropter
826 2225 898 2265 hoc
926 2228 975 2265 sit
1003 2229 1172 2265 meritus.
1229 2225 1338 2275 Lege
1367 2241 1457 2276 ergo
1488 2224 1669 2274 ἔναι’τιος,

302 2299 366 2336 vel
398 2293 523 2344 ἶίξιος,
552 2296 613 2334 vel
640 2294 821 2344 denique,
850 2295 951 2344 quod
979 2296 1133 2343 propius
1161 2300 1241 2343 est,
1271 2294 1421 2331 divisim
1451 2288 1499 2331 ἂν
1528 2289 1667 2340 αἴτιος,

302 2371 366 2401 aut
406 2359 454 2400 ἂν
498 2358 622 2407 ἷὶξιος.
679 2360 796 2401 Alias
834 2363 881 2400 ad
918 2364 1112 2411 sequentia
1139 2363 1351 2411 respexisse
1379 2358 1569 2409 putandus
1597 2367 1668 2409 est,

302 2431 403 2481 quod
430 2430 532 2468 haud
559 2435 699 2467 temere
727 2430 955 2469 admiserim.
996 2430 1154 2470 SoLAN.
1210 2427 1391 2467 Reddidit
1419 2429 1495 2475 sic,
1532 2434 1574 2466 ut
1602 2442 1668 2465 vo-

302 2499 449 2536 luerant
481 2498 651 2549 Guyems
679 2502 716 2534 et
743 2497 935 2547 solanus,
977 2499 1162 2545 interpres
1190 2497 1435 2544 vernaculus,
1463 2508 1533 2532 nec
1559 2493 1669 2531 Beli-

302 2579 376 2604 ηαδ
414 2579 489 2604 non
537 2563 731 2612 profitetur
742 2594 754 2611 ‚
804 2578 1029 2614 magnopere
1058 2565 1130 2603 sibi
1156 2565 1305 2612 placere
1335 2577 1417 2601 eam
1447 2561 1670 2599 emendatio-

307 2645 408 2673 nem.
462 2630 581 2673 Modo
617 2631 666 2668 sit
694 2631 914 2671 emendatio.
973 2630 1095 2682 Atqui
1121 2632 1217 2671 bene
1243 2629 1354 2670 habet
1380 2630 1532 2679 vulgata
1558 2630 1667 2668 ratio.
