1768 3125
254 195 320 226 IN
357 194 731 229 coNVIVIUM
769 194 887 226 sEu
925 192 1270 225 LAP1THAs.
1350 182 1442 224 363

73 329 175 353 rere.
240 313 297 352 Ita
345 316 384 354 in
419 314 491 353 Ev.
532 314 681 354 Dffaith.
722 313 896 364 XXVI,
962 316 1029 353 53.
1082 313 1343 366 παραστῆσαί
1375 329 1446 364 μοι

76 381 233 428 πλείους
273 377 298 432 ἢ
340 378 494 421 δώδεκα
535 384 725 434 λεγεῶνας
765 380 953 434 ἀγγέλων.
1027 380 1102 420 Ubi
1142 382 1185 420 J.
1223 382 1338 420 Elsn.
1375 382 1447 420 hoc

74 449 246 488 Luciani
274 451 421 498 aliaque
450 451 646 489 addentem
674 450 772 488 vide.
825 449 941 488 Adde
973 449 1155 487 Nostrum
1183 464 1295 498 supra
1325 449 1445 487 Deor.

73 517 180 555 Dial.
223 517 389 558 XXIV.
440 521 505 556 ubi
540 517 757 557 Mercurius
805 518 941 556 dicitur
986 512 1220 570 παρεστάνει
1267 518 1323 571 τῷ
1360 516 1447 556 Διΐ.

72 584 217 624 Rmrz.

160 651 249 692 ead.
279 653 305 692 l.
340 657 406 692 11.
454 648 804 705 Ὄρεωκόμον]
844 650 953 701 Lege
990 647 1220 703 ὀρεοκόμον.
1282 650 1447 690 Gmrm.

72 718 122 758 Et
150 723 204 759 sic
233 736 395 772 quoque,
425 722 548 759 media
577 722 702 766 brevi,
734 717 900 757 Pollux.
958 718 1043 757 Alii
1074 722 1298 769 promiscue.
1356 720 1448 756 Sui-

73 786 147 826 das
194 795 394 837 utrumque
431 788 566 837 habet;
625 787 695 825 sed
735 788 864 824 statuit
901 786 1174 836 differentiam,
1231 782 1448 837 ὀρεοκόμων

73 857 270 903 montium,
301 863 338 894 et
367 850 592 906 ὀρεωκόμον
622 854 811 892 mulorum
839 855 1031 892 custodem
1059 856 1213 903 faciens,
1243 862 1283 892 ut
1312 853 1447 902 Sleplz.

74 936 222 971 quoque
261 924 421 960 notavit:
476 922 577 970 quod
614 923 648 960 si
687 935 844 970 verum,
885 923 1037 970 vulgata
1067 922 1239 960 Luciani
1267 923 1449 970 scriptura

72 1004 146 1027 non
176 991 247 1028 erit
275 990 522 1028 sollicitanda.
562 989 706 1028 Rmrz.
745 989 831 1027 Non
862 990 908 1026 ob
931 988 1026 1027 lianc
1045 990 1306 1038 differentiam,
1337 1003 1449 1037 quam

72 1058 215 1095 nullam
254 1071 338 1096 esse
376 1057 538 1095 ostendit
564 1056 730 1096 Lobeck.
759 1058 804 1095 ad
835 1055 1046 1107 Phrynich.
1077 1071 1116 1105 p.
1149 1061 1268 1105 696.‚
1303 1071 1372 1094 nec
1402 1057 1449 1094 ob

73 1127 356 1174 exquisitiorem
392 1126 496 1163 verbi
533 1121 757 1176 ὀρεωηόλος
794 1123 1064 1172 Atticismum,
1102 1139 1215 1172 quem
1243 1125 1343 1162 idem
1368 1124 1449 1162 Lo-

73 1192 222 1231 beckz‘us
264 1195 302 1230 in
343 1193 611 1229 dubitationem
644 1199 776 1241 vocat,
816 1192 883 1230 sed
923 1192 968 1230 ob
1006 1192 1189 1229 librorum
1227 1206 1449 1230 consensum

72 1260 111 1298 h.
132 1262 161 1298 l.
179 1260 399 1298 servandam
416 1262 540 1308 putavi
560 1260 752 1309 vulgatam
771 1260 952 1307 fornialn3
984 1273 1095 1306 quem
1116 1272 1336 1297 consensum
1354 1268 1391 1297 et
1409 1261 1449 1296 in

74 1330 160 1368 aliis
198 1329 401 1377 proborum
441 1329 665 1375 scriptorum
703 1327 797 1365 locis
832 1329 871 1364 in
909 1328 1067 1375 gratiam
1094 1328 1301 1375 scripturae
1332 1324 1450 1379 ὀρεω-

73 1392 198 1447 κόμος
225 1396 383 1444 reperiri
410 1396 571 1444 ingenue
599 1395 773 1432 indicavit
801 1395 901 1432 idem
931 1393 1156 1433 Lobeckius.
1214 1393 1360 1432 Lnnm.

158 1463 246 1502 ead.
275 1463 302 1500 l.
337 1465 400 1500 14.
431 1460 848 1514 Διαῳοιῖῆσαν]
883 1460 982 1501 Cave
1012 1476 1095 1500 cum
1116 1460 1216 1498 Par.
1248 1463 1450 1510 quicquam

73 1530 134 1570 hic
163 1531 361 1568 mutassis:
397 1537 497 1568 recte
526 1532 626 1567 enim
655 1531 778 1568 omnia
806 1529 966 1579 habent,
1006 1529 1105 1578 quod
1134 1530 1322 1567 sexcentis
1349 1531 1450 1577 ejus-

73 1599 175 1637 modi
212 1599 327 1646 locis,
376 1599 408 1635 si
447 1599 609 1647 liberet,
661 1598 881 1637 confirmare
919 1611 1083 1646 possem.
1143 1594 1294 1634 SoLAN.
1366 1595 1451 1634 Etsi

75 1661 225 1719 φθάνω
264 1666 344 1703 sere
383 1673 563 1714 perpetuo
601 1680 684 1704 cum
712 1667 909 1714 participio
940 1664 1189 1711 construitur,
1231 1671 1274 1701 ut
1303 1663 1449 1702 Liban-

73 1734 148 1782 ΕΙ).
168 1735 263 1772 224.
291 1748 330 1781 p.
355 1738 449 1771 208.
473 1729 583 1785 ἔφθη
603 1732 827 1783 συμμίξας·
860 1733 1001 1771 Noster
1020 1731 1104 1770 Vit.
1124 1730 1241 1768 Auct.
1273 1745 1353 1779 cap.
1380 1736 1448 1770 26.

73 1801 106 1840 T
110 1816 172 1840 ox.
204 1806 244 1840 2.
273 1799 379 1839 Diss.
407 1815 492 1839 cum
515 1800 612 1839 Hes.
643 1806 683 1840 S.
712 1800 839 1851 Fugit.
872 1805 938 1840 27.
969 1807 1094 1838 tamen
1124 1806 1162 1836 et
1192 1813 1276 1836 cum
1305 1799 1450 1837 infinito

73 1867 260 1918 Alciplzr.
289 1867 371 1917 III,
402 1871 442 1906 3.
472 1869 501 1906 f.
533 1876 569 1907 et
598 1867 670 1917 Ep.
699 1871 767 1907 41.
797 1883 883 1918 pag.
916 1872 1011 1907 362.
1043 1866 1122 1905 Sed
1150 1874 1251 1904 recte
1280 1867 1451 1906 Solanus

75 1939 152 1988 ait,
178 1937 379 1974 lectionem
407 1936 507 1974 Par.
536 1951 614 1975 non
642 1937 876 1975 audiendam.
926 1935 1078 1975 RmTz,

158 2004 252 2042 ibid.
284 2000 434 2042 Ἀλλὰ
470 2001 536 2054 μὴ
576 2003 810 2053 κατέσβη
855 1999 1071 2054 αὐτίκα)
1100 1998 1221 2040 Ἀλλὰ
1249 1998 1331 2052 μὴν
1359 2015 1448 2040 κατ.

77 2070 164 2111 agr.
224 2071 430 2109 MARcu..
500 2072 602 2110 Illud
649 2068 704 2121 μὴ
753 2085 828 2108 non
869 2070 1086 2107 mutandum
1123 2084 1255 2108 censeo
1293 2071 1332 2107 iu
1368 2066 1449 2119 μὴν

75 2142 130 2177 uti
157 2140 277 2177 voluit
306 2138 541 2176 Ilffarcilius:
572 2153 641 2176 nec
670 2136 842 2188 κατέσβη
871 2137 1090 2175 vertendum
1120 2139 1261 2186 active,
1291 2144 1332 2174 ut
1361 2138 1451 2175 fecit

75 2210 285 2256 interpres3
316 2206 385 2244 sed
411 2208 585 2255 passive,
614 2208 665 2244 ita
695 2208 793 2260 enim
822 2219 934 2254 saepe
963 2206 1061 2253 apud
1088 2207 1248 2254 optimos
1279 2219 1450 2253 quosque

76 2282 259 2314 auctores.
307 2273 431 2312 Verto
459 2276 576 2324 igitur
601 2281 639 2312 et
664 2273 777 2311 haec.
809 2280 847 2310 ut
875 2272 1151 2321 praecedentia:
1182 2273 1230 2310 Si
1252 2275 1369 2322 prius
1397 2271 1454 2310 (nl

75 2357 202 2382 omnes
236 2351 503 2390 permanasset
537 2356 584 2379 ea
618 2356 704 2388 res,
747 2350 782 2379 et
810 2355 888 2379 non
915 2342 1044 2378 statim
1061 2342 1214 2394 fecisset
1241 2343 1450 2378 eoesiincta.

76 2410 127 2450 L.
166 2408 262 2448 Bos.
299 2407 456 2447 Servavi
494 2406 573 2460 μὴ,
614 2409 714 2458 quod
750 2409 862 2458 longe
902 2409 1087 2457 plurimae
1121 2408 1335 2456 habebant,
1385 2407 1455 2445 sed

77 2485 212 2528 pimcto
249 2485 333 2516 ante
363 2474 466 2514 ἀλλὰ
496 2479 535 2515 in
562 2491 705 2515 comma
732 2476 908 2514 mutando
924 2505 938 2525 ,
987 2484 1029 2514 ut
1056 2490 1178 2514 nexus
1207 2483 1329 2524 esset,
1375 2490 1453 2523 pu-

79 2546 167 2584 dori
181 2547 355 2599 fuisset,
396 2547 487 2583 m'si.
545 2543 603 2582 At
641 2546 673 2583 si
702 2552 881 2594 punctum
910 2558 1038 2583 serves
1068 2552 1153 2582 ante
1183 2540 1286 2581 ἀλλὰ
1299 2571 1314 2590 ,
1356 2542 1455 2591 quod

85 2614 125 2652 in
152 2614 346 2662 plerisque
376 2618 481 2661 erat,
509 2609 589 2662 μὴν
619 2613 850 2651 commodius
875 2613 987 2650 soret.
1046 2611 1197 2649 Rm'rz.

166 2679 255 2720 ead.
274 2680 305 2719 l.
328 2683 397 2721 15.
426 2677 633 2727 Λεξιῶς
657 2676 794 2721 πάνυ
822 2681 917 2720 τοῦ
933 2674 1337 2733 Ἀρισταινέτου
1364 2674 1455 2728 τὴν
