1768 3125
336 198 727 232 rmnom’rmms
766 197 1126 233 mssnn‘mmo.
1368 187 1428 230 65
1438 187 1461 229 l

83 335 230 362 summo
271 322 416 370 possint
454 323 537 370 iure
577 321 716 360 vocari.
775 318 961 359 Profluxit
1015 322 1088 358 ista
1137 319 1324 358 scribendi
1363 321 1460 358 ratio

85 391 221 439 partim
259 403 308 428 ex
337 389 547 427 charactere
585 388 776 438 Luciani,
819 390 883 437 qui
925 395 982 426 est
1010 383 1290 438 ἠθικώτατος,
1333 394 1369 425 et
1411 388 1459 426 atl

84 458 265 496 comicum
305 459 343 495 in
382 458 512 495 multis
554 457 732 496 accedens
771 457 965 505 proxime,
1010 457 1049 493 in
1088 455 1309 505 quibusdam
1345 456 1458 493 etiam

85 539 293 574 superans.-
323 527 482 574 partim,
512 527 604 572 (non
641 532 697 564 est
724 525 823 562 enim
852 524 1105 572 infitiandum)
1139 537 1188 561 ex
1216 525 1461 561 ostentatione

84 593 269 642 quadam,
305 591 647 643 Polymathianque
676 591 957 630 demonstrandi
987 592 1138 640 studio,
1179 591 1281 640 quod
1311 591 1460 640 quidem

85 662 125 699 in
153 659 356 709 sophista,
387 660 426 697 id
456 668 537 709 est,
577 674 647 708 eo,
692 662 757 709 qui
785 660 933 697 dicendi
962 667 1079 697 artem
1108 673 1176 708 pro
1205 660 1315 708 genio
1345 659 1463 696 seculi

84 728 350 777 profiteretur,
379 742 453 765 non
482 728 574 765 serri
604 728 752 765 facilins
781 734 947 775 poterat,
991 727 1059 765 sed
1100 727 1202 764 laudi
1242 733 1320 763 erat
1349 733 1462 774 atque

86 796 335 833 admirationi.
394 794 515 844 Igitur
551 796 655 832 nulla
695 796 775 833 sere
815 802 940 844 secta,
990 784 1195 832 liominuln
1222 795 1302 832 sere
1343 807 1463 842 genus

85 864 233 901 nullum
257 870 328 910 est,
361 864 467 910 cnjus
494 876 569 900 non
597 862 808 912 historiam,
839 862 1069 900 characteres
1098 864 1332 910 praecipuos,
1363 863 1463 899 alia-

87 944 160 980 que
191 924 534 980 ἅξιομννῃιόιέυτα
564 931 777 978 consignata
811 931 856 967 ab
887 944 931 967 eo
962 930 1084 966 literis
1115 929 1462 977 deprehendamus:

89 996 403 1047 philosophorum
430 1003 555 1034 autem
584 999 838 1046 cujuscunque
867 1003 1014 1045 sectae,
1046 995 1264 1044 rhetorum,
1295 997 1466 1034 adulato-

86 1079 193 1114 rum,
235 1066 505 1114 parasitorum,
557 1065 740 1113 divitum,
788 1079 1023 1113 pauperum,
1072 1078 1226 1112 senum,
1271 1067 1465 1114 juvenum,

86 1134 455 1181 superstitiosorum,
522 1131 740 1181 atheorum,
818 1131 1098 1180 Romanorum,
1158 1130 1465 1180 Atheniensium,

87 1198 342 1250 Scytharum,
383 1201 653 1247 impostorum,
699 1198 950 1248 histrionum,
977 1200 1172 1247 lenarum,
1211 1201 1466 1250 meretricum,

88 1269 276 1316 militum,
307 1268 554 1316 rusticorum,
585 1281 739 1316 regum,
777 1274 1035 1317 tyrannorum,
1066 1266 1252 1316 Deorum,
1281 1267 1470 1306 Dearmn-

88 1349 185 1384 que,
224 1341 264 1373 et
296 1337 403 1384 cujus
442 1338 548 1374 non?
586 1336 691 1374 velut
731 1336 915 1384 imagines
958 1334 1138 1384 quasdam
1176 1336 1223 1373 ab
1262 1349 1307 1373 eo
1346 1338 1467 1385 pictas

89 1403 332 1441 admiremur.

172 1468 311 1508 XVII.
343 1468 421 1508 Sed
452 1485 630 1519 quorsum
658 1471 731 1509 ista
762 1471 974 1520 disputem,
1019 1478 1172 1520 quaeret
1209 1472 1368 1511 fortasse
1398 1473 1470 1510 ali-

89 1538 203 1588 quis?
260 1536 449 1575 Nimirum
478 1540 528 1577 ita
559 1541 741 1577 rationem
770 1540 955 1578 subduco:
997 1541 1084 1588 quia
1113 1538 1308 1578 Lucianus
1345 1547 1470 1578 osten-

93 1605 230 1643 tandae
272 1607 504 1644 occasionem
544 1607 731 1645 doctrinae
770 1608 915 1645 nullam
949 1609 1049 1646 solet
1087 1608 1198 1645 facile
1235 1609 1471 1656 praetermit-

91 1679 198 1722 tere3
229 1675 317 1721 quia
345 1674 488 1712 nullius
517 1689 590 1712 non
618 1674 811 1712 homimun
855 1677 1004 1725 generis
1032 1674 1291 1723 characteres,
1330 1689 1470 1724 mores,

92 1742 322 1790 sententias,
353 1742 478 1780 verbis
508 1744 643 1791 cuique
672 1744 729 1781 rei
756 1744 920 1791 propriis
953 1749 991 1780 et
1020 1745 1128 1791 quasi
1158 1744 1376 1781 solennibus
1406 1744 1472 1781 de-

95 1810 246 1848 scribit:
285 1809 480 1857 probabile
517 1824 592 1848 non
628 1810 774 1859 videri,
816 1812 849 1848 si
890 1818 1031 1848 tantam
1065 1811 1258 1848 habuisset
1287 1809 1473 1849 Christia*

94 1877 206 1914 uismi
232 1877 421 1925 peritiam,
452 1884 628 1925 quantam
656 1879 696 1915 in
723 1877 984 1925 Philopatride
1013 1879 1235 1926 reperimus,
1272 1892 1347 1916 non
1375 1879 1470 1915 alias

93 1945 206 1982 etiam
234 1958 319 1982 eam
346 1959 436 1993 prae
466 1959 507 1983 se
536 1946 693 1994 tulisse3
721 1951 836 1993 atque
865 1958 910 1982 eo
936 1946 1076 1994 magis,
1118 1959 1203 1982 cum
1244 1946 1390 1982 occasio
1429 1947 1470 1982 in

92 2010 154 2049 his
181 2013 275 2059 ipsis
294 2041 306 2062 ,
348 2026 444 2061 quae
481 2011 662 2049 habemus
701 2013 746 2049 ab
775 2025 820 2049 eo
849 2013 1007 2061 scripta,
1046 2026 1123 2049 non
1166 2012 1346 2059 defuerit,
1390 2020 1471 2050 tum

95 2080 135 2116 in
161 2079 322 2128 bonam,
352 2086 431 2118 tum
458 2081 498 2117 in
535 2081 674 2118 malam
703 2080 815 2117 etiam
854 2086 998 2126 partem
1038 2080 1260 2127 ampliorem
1290 2079 1472 2118 Christia-

95 2160 228 2184 norum
256 2148 483 2185 mentionem
511 2147 684 2186 faciendi.
743 2145 789 2183 In
832 2147 966 2184 bonam
1008 2147 1160 2195 (widem
1199 2161 1244 2185 eo
1286 2149 1472 2196 imprimis

94 2213 203 2262 loeo,
245 2215 309 2251 ubi
345 2212 610 2252 Alexandrum
647 2213 942 2252 Pseudomantin
979 2215 1089 2251 illum
1127 2215 1172 2251 ab
1212 2216 1365 2253 oraculo
1403 2230 1472 2253 suo

98 2280 250 2319 Atheos
266 2310 278 2331 ,
308 2280 538 2331 Epicureos,
577 2281 812 2320 Christianos
841 2295 971 2320 omnes
1000 2283 1185 2319 removeri
1226 2283 1358 2331 procul
1393 2285 1474 2331 jus-

99 2350 200 2387 sisse
229 2349 352 2387 tradit.
411 2349 546 2389 Verba
574 2351 655 2398 ipsa
692 2351 905 2399 subjecia):
946 2346 986 2388 εἴ
1019 2364 1080 2395 τις
1119 2346 1270 2399 ἄθεος,
1309 2346 1334 2400 ἢ
1365 2350 1474 2401 Χρι-

100 2412 284 2465 στιανὸς,
315 2412 339 2466 ἢ
369 2412 649 2469 Ἐπικούρειος,
680 2413 763 2468 ἣκει
793 2413 1047 2463 κατάσκοπος
1076 2418 1156 2455 τῶν
1185 2414 1343 2468 ὀργίων,
1374 2432 1475 2470 φευ-

99 2481 212 2536 γέτω.
272 2483 352 2522 Cur
380 2484 589 2533 Epicureos
619 2486 749 2524 abesse
777 2487 962 2534 voluerit,
1004 2485 1193 2533 declarat,
1235 2486 1302 2523 sed
1331 2486 1378 2523 de
1406 2500 1474 2523 llo-³

101 2553 188 2591 stris
218 2559 315 2590 tacet
332 2581 344 2602 ,
385 2566 454 2590 nec
481 2554 664 2591 rationem
692 2554 836 2604 ullam,
876 2567 942 2592 cur
971 2567 1104 2592 exesse
1133 2553 1221 2591 illos
1247 2554 1364 2591 sacris
1393 2555 1473 2595 suis

149 2696 193 2741 a)
219 2699 259 2732 In
285 2694 471 2731 Pseudom.
498 2709 568 2742 cap..
594 2698 652 2732 38.
