1740 3095
283 138 379 182 488
584 151 1352 185 ADNOTATIONES

1078 216 1089 231 Ι

284 287 367 312 smo
405 280 577 323 notetur,
613 275 653 310 in
692 287 765 321 quo
805 266 842 311 et
871 270 1103 312 Scholiastes
1143 274 1354 311 assentitur.
1412 271 1491 311 Sed
1518 275 1655 312 erravit

285 342 399 379 etiam
436 340 535 378 idem
575 337 806 378 scholiastes
845 342 883 378 in
923 354 1077 378 munero
1115 341 1422 379 soloecismorum
1462 340 1654 390 hucusque

284 407 529 457 prolatorum.
589 405 737 458 Quodsi
777 410 877 446 enim
914 410 950 445 in
984 422 1057 445 una
1087 407 1155 446 hac
1183 409 1364 446 formula:
1414 403 1558 459 ὄφελον
1588 406 1654 446 καὶ

286 476 358 513 νῦν
410 471 686 525 ἀκολουθῆσαι
733 470 884 527 δυνήσῃ
935 475 1076 523 duplex
1121 477 1262 514 inesset
1299 477 1564 523 soloecismus,
1615 482 1656 513 ut

286 543 368 580 vult
405 540 549 579 Scholii
587 549 739 593 auctor,
777 557 851 580 uon
892 544 1170 592 conspirarent,
1212 557 1306 592 quae
1339 557 1429 581 mox
1464 542 1656 581 Lucianus

286 609 396 647 dicit:
448 607 531 647 Καὶ
561 611 647 656 πῶς
676 605 724 648 ἂν
756 606 895 649 δύναιο
925 606 994 648 τὸν
1024 606 1092 647 ἵνα
1135 611 1244 660 (ergo
1273 624 1346 648 non
1376 609 1466 657 duo)
1508 611 1657 659 μαθεῖν

287 672 383 722 τοὺς
410 679 514 727 τρεῖς
543 679 651 726 (ergo
680 692 754 715 non
783 681 961 730 quatuor)
992 673 1215 729 ἆγνοὴσας;
1245 676 1397 715 Scilicet
1426 679 1544 726 prima
1570 678 1659 715 stri-

287 743 390 792 bligo
431 751 510 782 erat
548 746 586 782 in
626 759 697 782 usu
735 748 837 783 vocis
873 742 987 794 ἄρτι,
1027 745 1187 782 secunda
1216 747 1255 782 in
1283 746 1445 783 formula
1475 740 1501 782 ἃ
1529 741 1601 793 μὲν
1632 739 1658 781 ἃ

289 808 348 860 δέ,
378 813 487 849 tertia
513 814 602 861 jam,
633 827 750 861 eaque
776 814 962 861 simplex,
991 828 1065 850 non
1089 813 1253 862 dupleX,
1282 820 1341 851 est
1368 815 1406 850 in
1432 813 1526 849 falsa
1550 825 1660 850 voca-

289 879 368 916 buli
397 875 542 931 ἷίᾳελον
570 882 740 928 jimctura
767 895 849 918 cum
878 879 1080 918 Indicativo
1109 880 1258 918 Futuri.
1316 879 1472 920 meM.

374 945 462 984 ead.
490 946 518 984 I.
551 952 590 986 8.
644 947 800 986 ΣΟΛ.
857 947 1021 993 Τίνας
1057 951 1220 999 τρεῖς]
1276 945 1353 986 Cur
1385 948 1500 985 Gesn.
1537 946 1598 984 hic
1626 952 1664 984 et

292 1012 467 1062 deinceps
495 1029 693 1062 personam
720 1013 842 1064 Soph.
873 1029 967 1063 quae
997 1017 1035 1052 in
1065 1015 1137 1052 Ed.
1168 1029 1242 1052 non
1271 1022 1477 1064 comparet,
1506 1015 1664 1062 loquen-

292 1087 369 1118 tem
406 1081 581 1131 inducat,
621 1084 803 1120 rationem
833 1097 906 1120 non
934 1083 1088 1120 addidit.
1145 1081 1236 1120 Jure
1264 1083 1415 1130 quidem
1442 1082 1482 1119 id
1510 1096 1578 1119 suo
1607 1082 1664 1119 Vi-

292 1146 403 1185 detur
429 1148 586 1198 fecisse,
623 1149 719 1198 quod
746 1150 938 1198 inscriptio
968 1147 1314 1198 Pseudosophistae
1343 1149 1382 1187 id
1411 1149 1588 1197 suadeat,
1628 1154 1666 1185 et

293 1213 456 1253 editores
497 1218 639 1264 priscos
678 1231 746 1265 pro
785 1218 938 1255 arbitrio
978 1232 1126 1267 quoque
1164 1217 1314 1256 Soloec.
1351 1230 1550 1266 personam
1582 1217 1665 1253 ubi-

294 1296 368 1330 que
396 1284 602 1322 inseruisse
631 1284 785 1334 credas,
827 1299 911 1322 cum
940 1283 1131 1323 Lucianus
1160 1286 1256 1323 forte
1285 1299 1358 1322 una
1387 1291 1530 1322 tantum
1556 1284 1665 1322 litera

294 1363 359 1388 eas
388 1349 614 1401 designarit3
637 1352 715 1407 *vel
741 1354 779 1389 iu
809 1350 927 1390 Codd.
958 1355 1077 1401 spatia
1105 1360 1248 1391 tantum
1274 1366 1391 1390 vacua
1418 1352 1547 1389 relicta
1576 1352 1664 1389 sint.

294 1414 380 1466 Ego
408 1432 498 1456 vero
523 1421 673 1457 nomina
702 1421 743 1457 in
773 1418 927 1458 Graecis
956 1434 1166 1465 servaram,
1198 1421 1322 1469 qualia
1351 1421 1476 1457 inveni
1503 1421 1542 1456 in
1561 1417 1665 1456 Par.

295 1481 394 1522 Nam
428 1487 467 1523 in
494 1485 607 1524 Jemt.
638 1486 727 1526 ΣΟ.
767 1493 909 1525 tantum
938 1489 1098 1537 ubique3
1138 1490 1177 1525 in
1205 1489 1289 1526 aliis
1320 1486 1458 1525 ΣΟΛ.
1488 1493 1526 1524 et
1553 1487 1668 1522 inter-

296 1551 387 1589 dum
430 1551 689 1604 Σολοικιστὴς
723 1557 881 1604 integ-re.
940 1554 1036 1594 Vid.
1075 1554 1201 1594 Lectt.
1242 1570 1322 1593 var.
1363 1553 1412 1591 ad
1449 1554 1530 1591 init.
1590 1551 1670 1590 Sed

298 1632 436 1666 operae
473 1628 607 1668 sponte
636 1621 769 1660 ΣΟΦ.
801 1622 960 1674 dedere,
1004 1622 1104 1672 quod
1131 1625 1208 1672 jam
1235 1637 1313 1661 non
1341 1622 1474 1672 doleo,
1516 1622 1604 1670 quia
1632 1625 1670 1658 et

300 1685 458 1725 Gesner.
489 1689 543 1725 sic
570 1690 703 1726 voluit.
759 1688 909 1727 Rmrz.

383 1753 471 1792 ead.
501 1755 529 1793 Ζ.
563 1759 602 1794 9.
633 1751 816 1802 ’Όλους
858 1752 1247 1808 ἀρτιγενείους]
1287 1756 1321 1795 Ι.
1372 1771 1406 1795 e.
1445 1771 1572 1795 omnes
1592 1771 1671 1806 pu-

297 1819 511 1873 bescentes,
542 1837 626 1860 cum
654 1818 954 1876 ἇρτιγεννήτους
981 1838 1106 1873 nuper
1133 1834 1268 1873 natos,
1310 1826 1390 1862 sive
1419 1834 1586 1863 recentes
1615 1825 1672 1862 di-

301 1903 386 1928 cere
426 1890 620 1940 debuerit3
672 1891 985 1939 quemadmodum
1023 1905 1068 1929 ea
1095 1906 1186 1930 voce
1213 1893 1327 1929 utitur
1354 1892 1393 1928 in
1421 1890 1671 1932 Alexandro:

267 1966 268 1969 ’
301 1954 461 2010 φέρων,
491 1959 636 2007 inquit,
667 1954 752 2008 ἅμα
778 1958 845 1997 καὶ
871 1955 939 1997 τὸν
969 1955 1243 2012 ἀρτιγέννητον
1262 1953 1514 2009 Ἀσκληπιόν.
1564 1957 1673 1997 Idem

300 2026 341 2063 in
369 2024 540 2063 Deorum
579 2026 763 2075 dialogis:
815 2021 938 2077 αὐτήν
971 2040 1010 2065 τε
1049 2025 1115 2064 καὶ
1149 2022 1194 2065 τὸ
1223 2024 1376 2078 βρέφος
1405 2023 1529 2076 αὐτῆς
1558 2022 1674 2078 ἀρτι-

302 2089 510 2144 γέννητον·
541 2107 609 2141 pro
638 2108 711 2142 quo
738 2095 829 2132 alibi
858 2091 1030 2146 νεογνὸν,
1060 2101 1098 2132 et
1126 2090 1333 2146 ἀρτίτοκον
1363 2093 1466 2143 dicit,
1497 2093 1544 2130 de
1571 2094 1673 2131 furto

301 2158 485 2199 Mercurii
510 2160 630 2198 adhuc
658 2162 809 2200 infantis
837 2176 974 2212 agens,
1005 2163 1069 2210 qui
1099 2176 1181 2200 cum
1207 2162 1247 2199 id
1276 2162 1406 2199 aetatis
1436 2167 1558 2210 esset,
1597 2161 1674 2198 fer-

301 2235 365 2267 tur
394 2229 507 2266 etiam
535 2228 786 2279 testudinem,
816 2230 854 2267 id
886 2237 966 2279 est,
997 2229 1134 2279 chelyn
1160 2230 1363 2267 fabricatus
1392 2230 1429 2266 in
1458 2229 1587 2278 cunis,
1627 2228 1674 2266 de

304 2310 378 2345 qua
405 2295 592 2335 Aratus:
642 2295 750 2345 [Καὶ
784 2295 906 2347 χέλυς
939 2293 1007 2348 ἥτ’
1048 2294 1183 2348 ὀλίγη,
1224 2293 1294 2347 τὴν
1336 2292 1383 2333 δ’
1414 2291 1485 2348 ἄρ’
1515 2291 1570 2333 ἔτι
1608 2294 1675 2333 καὶ

304 2360 415 2415 παρὰ
445 2362 561 2416 λίκνῳ
595 2358 800 2413 [Ἑρμείας
829 2360 1053 2416 ἐτόρησεν]
1114 2363 1189 2402 Ubi
1218 2371 1318 2402 recte
1347 2364 1458 2401 vertit
1488 2363 1644 2402 Cicero:

417 2430 519 2468 Inde
538 2430 649 2482 sides
676 2432 808 2469 leviter
829 2435 961 2481 posim
988 2441 1023 2470 et
1051 2446 1234 2470 connexa
1262 2429 1426 2477 videtur,

417 2497 647 2536 Mercurius
669 2501 806 2547 parvis
834 2498 1011 2538 manibus
1038 2514 1152 2551 quam
1178 2497 1321 2537 dicitur
1349 2498 1439 2536 olim,

419 2565 472 2604 In
498 2569 606 2605 cunis
622 2565 868 2618 fabricatu-s.

307 2633 373 2673 Sic
410 2636 507 2673 enim
543 2634 756 2685 legendum.
816 2632 948 2684 Vulgo
987 2629 1310 2688 ιῖπροςδιονύσως
1338 2635 1380 2671 bn
1398 2632 1513 2684 fimis
1529 2630 1676 2684 fabri-
