1740 3095
275 153 367 195 472
603 166 1381 198 ADNOTATIONES

275 280 413 325 νώσκει
452 287 507 338 τῷ
548 300 587 323 τε
631 281 744 338 δήμῳ
783 284 848 323 καὶ
889 286 936 338 τῇ
976 283 1129 337 βουλῇ,
1183 286 1283 335 quod
1317 286 1427 324 facile
1463 286 1637 335 plurimis

275 361 463 392 oratorum
492 354 586 391 locis
627 353 767 391 firmari
793 360 943 402 posset,
988 354 1021 390 si
1059 352 1130 390 hoc
1159 367 1365 403 ageremus.
1423 353 1519 392 Nam
1543 368 1637 403 quae

275 422 323 459 de
350 422 580 471 Pnytanmn,
608 420 886 470 Proedrormn,
915 420 1199 469 Epistularum,
1228 421 1465 460 Scribssrm
1474 435 1638 459 intulere

274 489 463 536 diximus,
503 502 547 525 eo
576 490 686 526 modo
718 490 832 526 allata
861 496 973 538 sunt,
1011 495 1052 526 ut
1081 491 1332 527 conversionis
1361 497 1510 527 nostrae
1542 491 1637 527 ratio

275 558 386 594 etiam
416 555 499 602 his,
541 558 604 603 qui
640 570 714 593 non
748 558 838 594 satis
876 557 1071 594 exercitati
1106 562 1214 603 sunt,
1257 564 1443 608 appareat.
1502 555 1634 596 GEsN.

357 622 458 671 Pag.
495 624 644 661 1821.
677 627 715 662 9.
761 622 892 675 Περὶ
929 620 1130 675 τροπὰς
1162 620 1495 674 χειμερινὰς]
1541 622 1637 661 Cum
1694 624 1697 627 ’
1739 601 1740 604 ¹

274 690 407 739 longae
436 697 562 728 noctes
591 692 789 740 benignam
818 691 1048 739 dormiendi,
1089 699 1125 729 et
1154 689 1363 729 somniandi
1395 691 1502 740 adeo,
1532 705 1636 729 occa-

275 759 418 796 sionem
446 757 636 805 praebent.
696 759 798 796 Dicit
839 761 937 797 enim
969 760 1189 797 sententiam
1218 756 1391 796 Somnus.
1451 758 1580 798 GEsN.

359 825 445 862 ead.
476 825 504 863 l.
539 831 603 864 10.
640 827 701 864 Te
716 824 898 872 λείους
926 828 985 865 θε
1001 823 1055 864 οὐ
1071 830 1117 873 ς]
1152 825 1275 875 Supra
1302 825 1387 864 Jov.
1415 824 1482 864 Tr.
1510 830 1636 864 c.>18.

274 891 426 931 Rfflrz.

359 959 445 997 ead.
488 959 516 997 l.
559 963 624 999 14.
660 957 881 1013 τὈρκον,
921 957 1012 1011 τὴν
1050 955 1255 1011 Στύγα]
1308 959 1433 999 Hom.
1472 958 1550 997 Od.
1590 957 1637 1007 E,

278 1029 371 1065 185.
430 1025 580 1065 SOLAN.

361 1094 464 1143 Pag.
499 1099 592 1134 183.
621 1095 648 1134 l.
683 1101 720 1134 1.
747 1090 919 1146 ’Ῑ-Ιριά]
960 1094 1174 1134 Hunu'lium
1201 1096 1329 1133 volunt
1356 1094 1427 1133 hac
1453 1108 1546 1132 voce
1573 1093 1640 1132 de·-

274 1162 414 1209 signari
444 1162 628 1210 sepulcra.
671 1161 830 1201 SOLAN.
888 1160 983 1199 Vid.
1027 1175 1129 1210 supr.
1173 1159 1382 1211 Gontempl.
1418 1176 1451 1206 e.
1481 1167 1549 1200 22.
1579 1176 1638 1210 pr.

273 1226 420 1266 Rmrz.

360 1294 447 1333 ead.
478 1296 506 1332 l.
540 1297 579 1334 5.
615 1291 845 1346 Ἀθηνᾶν
889 1295 1111 1347 ἰᾶσθαι]
1160 1295 1251 1334 Erat
1284 1294 1449 1335 Athenis
1491 1297 1640 1346 sig-num

267 1359 447 1413 ,Ἀθηνᾶς
483 1358 676 1414 εΥγιεξιόες,
716 1370 811 1401 teste
853 1363 1025 1402 Pausan-
1065 1363 1151 1402 Att.
1191 1379 1229 1412 p.
1272 1369 1339 1413 21,
1382 1368 1448 1402 17.
1488 1371 1525 1401 et
1563 1378 1640 1413 ara,

276 1432 368 1468 ibid.
411 1447 449 1480 p.
482 1436 549 1479 31,
591 1436 629 1468 3.
659 1430 832 1469 lVeclzeI.
877 1431 938 1469 De
977 1430 1201 1479 Aesculapii
1238 1432 1399 1469 oraculis
1437 1431 1501 1469 vel
1536 1432 1640 1470 solus

277 1498 414 1536 Nostri
442 1497 726 1536 Pseudomantis
755 1500 846 1536 satis
878 1506 1056 1536 testatur:
1096 1499 1143 1536 ad
1176 1513 1287 1548 quem
1326 1499 1438 1536 fallor
1466 1512 1514 1536 an
1543 1499 1641 1537 rese—

275 1566 388 1604 renda
419 1573 477 1604 est
507 1567 632 1603 tabula
662 1580 778 1604 aenea
808 1566 908 1614 apud
940 1566 1147 1604 Gruterum
1173 1581 1212 1614 p.
1244 1571 1310 1605 81.
1371 1566 1500 1605 GESN.

358 1632 455 1671 ibid.
486 1629 798 1684 Ἀσκληπιὸν
831 1632 1203 1686 χρησμῳδεῖν]
1241 1633 1455 1672 Alexandri
1483 1632 1641 1673 Abono-

275 1699 447 1738 leichitae
476 1701 665 1737 oraculum
693 1707 820 1748 petere
847 1699 951 1738 hisce
977 1701 1136 1738 videtur.
1196 1699 1348 1739 Sonffl.
1508 1697 1515 1699 ‚

361 1766 449 1805 ead.
489 1767 517 1804 l.
551 1772 614 1806 12.
656 1764 905 1813 Ἑκείνοις
948 1765 1000 1806 δὲ
1042 1763 1208 1819 τάφον
1250 1790 1306 1797 -—
1343 1766 1428 1805 καὶ
1467 1763 1641 1818 &mm

277 1833 585 1884 ἐπιστῆσαι]
619 1833 692 1871 Pro
722 1829 874 1884 θύλην,
920 1849 1013 1883 quae
1042 1849 1117 1872 vox
1147 1841 1204 1872 est
1232 1834 1361 1883 nihili,
1405 1836 1642 1872 manifestum

278 1910 335 1940 est
364 1902 499 1940 debere
527 1902 606 1949 legi
635 1896 795 1951 στήλην.
855 1900 930 1939 Sed
966 1904 1174 1952 interpres,
1212 1903 1275 1950 qui
1317 1908 1476 1939 statuam
1514 1904 1641 1952 vertit,

275 1970 403 2007 nescio
434 1969 618 2017 quomodo
647 1969 801 2018 legerit:
838 1982 924 2006 nam
951 1970 1040 2007 licet
1069 1965 1193 2019 στήλη
1230 1970 1275 2006 ab
1301 1966 1439 2019 ‘lomjssu
1481 1969 1641 2007 derivari

276 2037 469 2083 videatur,
496 2033 634 2086 ‘lomna
664 2050 755 2074 vero
783 2038 833 2074 sit
860 2046 999 2084 statuo,
1031 2044 1154 2074 tamen
1182 2043 1302 2074 statua
1330 2035 1478 2074 Latinis
1507 2037 1642 2075 dicitur

280 2103 424 2141 Graece
454 2098 638 2154 ἄγαλμα,
685 2100 876 2156 ἀνδριὰς,
915 2102 1086 2157 βρέτας,
1127 2118 1201 2142 uon
1238 2118 1329 2143 vero
1364 2099 1503 2155 στήλη,
1544 2118 1641 2153 quae

276 2170 348 2209 hoc
375 2171 459 2208 loco
487 2173 624 2219 cippus
652 2171 809 2209 debebat
840 2173 949 2210 verti.
1007 2170 1143 2210 PALM.

363 2236 452 2277 ead.
479 2237 508 2275 l.
540 2242 606 2276 16.
637 2238 813 2285 ΖΕΥΣ]
844 2238 982 2278 Delevi
1011 2253 1124 2287 supra
1150 2237 1256 2278 Jovis
1282 2253 1442 2293 nomen,
1475 2239 1573 2288 quod
1601 2240 1641 2276 in

279 2294 452 2343 omnibus
506 2305 613 2343 libris
670 2309 806 2345 nostris
852 2314 937 2344 ante
982 2308 1100 2344 τοῦτο
1151 2308 1427 2356 reperiebatur,
1485 2313 1523 2345 et
1579 2306 1641 2344 hic

277 2387 345 2410 suo
402 2374 486 2410 loco
542 2375 695 2420 reposui
753 2381 836 2411 ante
892 2368 1174 2411 Δικαιότατον.
1254 2373 1461 2411 Decretum
1516 2380 1640 2411 autem

277 2438 431 2477 Momus
460 2440 621 2488 leg—erat,
652 2441 749 2488 quod
777 2443 973 2479 observare
1003 2443 1214 2478 omiseram.
1272 2440 1385 2489 Isque
1425 2442 1516 2480 adeo
1545 2443 1639 2479 reci-

278 2513 352 2544 tato
381 2509 454 2555 jam
484 2508 631 2545 decreto
660 2509 729 2544 ait:
768 2509 885 2546 τοῦτο
914 2507 986 2558 μὲν
1015 2503 1108 2559 ἡμῖν
1138 2505 1182 2546 τὸ
1212 2504 1421 2560 ψήφισμα.
1485 2507 1637 2546 SoLAN.

361 2575 460 2623 Pag.
507 2577 598 2613 184.
638 2574 665 2611 l.
710 2578 749 2612 9.
790 2574 1145 2625 Νομίζουσιν]
1186 2574 1443 2624 Sequebantur
1485 2577 1525 2613 in
1563 2574 1635 2612 Ed.

279 2640 391 2681 Junt.
421 2641 524 2680 AM.
556 2642 622 2680 Fl.
652 2642 725 2680 Fr.
755 2642 870 2692 Hag.
903 2649 940 2680 et
968 2642 1068 2684 Bas.
1101 2648 1140 2683 1.
1167 2657 1209 2681 ae
1239 2648 1278 2682 2.
1321 2645 1425 2691 (non
1464 2643 1504 2680 in
1541 2641 1634 2681 Par.
