1768 3125
259 191 326 221 IN
363 190 736 224 coNv1V1U1v1
772 190 887 221 suu
921 189 1260 221 minu-HAS.
1349 178 1441 220 361

75 307 271 348 d'm'xwm'.
328 308 413 348 Non
449 317 575 349 tamen
611 312 650 348 iu
688 311 860 349 omnibus
899 311 1024 349 verbis
1056 310 1097 348 id
1124 311 1306 349 imitarer.
1366 310 1443 348 Sed

74 379 238 416 variatur
268 384 305 415 et
332 379 428 415 infra
458 392 490 415 c.
523 384 590 416 28.
630 380 726 417 inter
756 375 903 431 ᾔδεσαν
930 386 967 416 et
997 375 1172 430 ᾔδεισαν.
1231 377 1378 416 Rmrz.

155 444 251 483 ibid.
296 443 403 483 Τὸν
435 441 855 494 Ἀλκιδάμαντα]
896 445 1005 484 Iliad.
1039 446 1103 495 B,
1136 450 1231 485 408.
1291 445 1442 485 Sonus.

156 511 252 550 ibid.
293 508 428 563 Βόην
468 510 710 563 ἀτεχνῶς
739 510 886 561 ὄντα]
929 513 993 552 Sic
1023 516 1133 563 impr.
1164 529 1293 553 omues
1323 521 1360 553 et
1390 513 1443 553 Ο.

71 577 150 617 Ms.
182 579 264 629 Ego
299 576 399 631 [3615]ae
430 577 587 632 ἀγαθὸν
617 577 712 620 ὄντα
742 583 952 630 profectum
982 597 1003 619 a
1033 581 1205 621 Luciani
1232 597 1344 620 manu
1374 584 1445 620 mi-

71 648 171 685 nime
206 647 361 698 dubit03
411 657 449 687 et
486 651 519 688 si
548 648 649 688 Mss.
679 648 798 688 Codd.
842 651 946 697 copia
982 657 1104 699 esset,
1148 652 1199 688 ita
1229 652 1267 688 in
1295 652 1444 699 optimis

70 722 258 762 repertum
295 717 342 754 iri
382 718 542 755 confido.
591 716 743 755 SOLAN.
802 716 885 755 Ms·
914 716 1012 766 Reg.
1044 720 1167 755 2955.
1205 719 1246 766 β.
1287 714 1445 769 ἀγαθὸν

71 777 191 832 ὄντα,
221 784 277 820 uti
304 785 454 823 volebat
482 785 664 823 Solanus.
704 784 798 823 Bn’.
857 781 991 835 Βοὴν,
1028 799 1102 822 non
1130 780 1255 834 βόην,
1297 785 1446 823 videtur

72 847 166 888 Cod.
197 849 309 898 Pan,
338 866 450 900 quem
478 852 643 891 Belinuvs
671 853 851 902 contulit,
881 852 1045 901 habere,
1075 852 1188 900 idque
1220 852 1267 889 ad
1298 852 1445 891 Home-

69 921 155 956 rica
193 919 481 958 accommodate.
539 919 686 959 Novam
725 934 855 958 vocem
889 916 991 970 βόης
1025 920 1136 957 finxit
1164 918 1396 958 scholiastes
1422 935 1445 958 e

70 999 185 1034 prava
220 994 392 1026 accentus
428 989 627 1036 positione.
697 986 874 1026 Ceterum
911 990 1051 1036 optimo
1087 991 1170 1036 jure
1205 986 1446 1028 Fritzschius

70 1053 230 1104 Quaest.
272 1070 310 1103 p.
346 1060 439 1095 128.
479 1057 830 1107 tuetur-vulgatam
867 1070 997 1094 vocem
1039 1053 1212 1106 ἀτεχνῶς
1240 1059 1446 1105 exemplis-

70 1135 142 1169 que
179 1122 323 1160 idoneis
352 1138 464 1161 usum
494 1127 577 1172 ejus
605 1125 737 1172 probat
765 1125 1033 1162 creberrimum
1059 1126 1098 1161 iu
1129 1124 1371 1162 similitudine
1399 1124 1447 1162 ad

69 1203 150 1227 rem
196 1191 465 1229 transferenda.
530 1190 646 1229 Locis
693 1199 818 1229 autem
856 1192 988 1230 sedulo
1027 1192 1109 1228 illic
1146 1193 1332 1240 congestis
1370 1206 1446 1229 non

70 1259 151 1295 siue
183 1258 344 1296 utilitate
371 1259 486 1297 addes
515 1258 598 1296 Vit.
630 1257 750 1296 Auct.
784 1273 815 1296 c.
851 1264 916 1297 10.
935 1289 946 1308 ‚
987 1259 1051 1296 ubi
1078 1260 1188 1307 plane
1219 1261 1296 1307 sic,
1334 1266 1376 1297 ut
1404 1259 1443 1298 h.

69 1325 98 1363 l.
130 1322 276 1374 Cynico
304 1326 477 1363 tribuitur
506 1324 674 1378 sp·9·;‹';1ua
705 1324 877 1376 ἀτεχνῶς
907 1322 1048 1376 ὅμοιον
1077 1325 1178 1364 κυνί.
1236 1325 1378 1365 LEHM.

153 1392 240 1430 ead.
283 1393 311 1431 l.
343 1399 408 1432 11.
444 1394 604 1432 Κυνῶ
620 1398 670 1439 ν]
714 1393 771 1432 Ita
813 1393 892 1432 Ms.
925 1392 976 1432 Ο.
1020 1393 1066 1431 Iu
1102 1396 1213 1443 impr.
1243 1393 1445 1440 Krmuffir.

71 1457 224 1498 SoLAN.

155 1527 243 1566 ead.
274 1529 301 1566 l.
326 1533 391 1567 13.
427 1525 464 1565 Θ
481 1522 534 1578 ρό
551 1542 639 1565 νον
668 1525 785 1566 τινὰ
817 1524 1090 1577 λαβόντα]
1125 1528 1286 1577 Oportet
1312 1532 1446 1580 imagi-

68 1597 148 1633 nari
178 1597 360 1633 rationem
389 1596 543 1633 triclinii
570 1598 721 1644 veteris,
753 1610 848 1644 quae
876 1596 937 1633 hic
963 1596 1117 1645 pulchre
1144 1596 1331 1645 descripta
1361 1600 1445 1637 suit.

71 1662 167 1705 Tres
197 1665 321 1713 magni
350 1664 465 1711 lecti,
496 1670 572 1702 tres
602 1664 827 1713 κλητῆρες,
857 1665 976 1701 tribus
1005 1665 1232 1702 coenationis
1262 1666 1445 1704 lateribus

69 1731 242 1780 paralleli
278 1732 334 1768 illi
373 1731 549 1780 quidem,
603 1731 669 1768 sed
701 1745 774 1768 non
814 1732 1011 1781 applicati,
1065 1739 1106 1769 ut
1144 1746 1165 1769 a
1204 1740 1311 1782 tergo
1350 1735 1447 1773 liber

70 1812 240 1836 accessus
276 1805 389 1835 esset.
447 1796 571 1836 Vacat
610 1799 721 1847 plane
765 1807 936 1847 quartum
973 1801 1094 1848 latus,
1133 1801 1171 1837 iu
1211 1816 1285 1849 quo
1320 1801 1446 1840 medio

68 1869 179 1915 janua
217 1872 287 1904 est.
348 1864 413 1903 Sic
454 1867 630 1904 convivae
669 1881 799 1905 omnes
835 1874 872 1905 et
904 1881 944 1905 se
972 1868 1132 1905 invicem
1162 1870 1329 1906 contueri
1358 1883 1446 1917 pos-

69 1940 179 1983 sunt,
210 1940 248 1972 et
273 1936 424 1983 januam
452 1935 686 1983 prospicere:
728 1942 765 1973 et
793 1936 892 1972 liber
921 1940 978 1972 est
1008 1936 1046 1971 in
1074 1935 1142 1972 illo
1172 1938 1292 1982 spatio
1322 1950 1447 1974 acces-

69 2015 133 2039 sus
162 2001 499 2046 ministratoribus,
527 2008 565 2038 et
593 2003 824 2040 acroamatis.
883 2001 958 2039 Hic
984 2003 1059 2049 jam
1085 2003 1233 2051 impleti
1262 2010 1347 2040 ‚sunt
1370 2010 1446 2042 tres

68 2069 170 2106 lecti.
227 2067 387 2106 Jubetur
422 2068 560 2105 adferri
594 2069 688 2106 sella
727 2070 801 2106 alta
832 2067 999 2118 Cynico,
1041 2084 1113 2117 qua
1144 2084 1165 2107 e
1191 2072 1344 2119 regione
1373 2070 1446 2108 Hi-

70 2136 179 2174 stiaei
209 2141 247 2172 et
283 2133 543 2185 Dionysodori
582 2138 730 2185 posita,
771 2137 835 2184 qui
871 2137 911 2173 iu
946 2138 1057 2174 tertio
1095 2138 1194 2175 lecto
1232 2139 1357 2175 ultimi
1386 2152 1446 2176 ac-

70 2203 312 2251 cumbebant,
342 2204 425 2251 ipse
454 2217 603 2251 quoque
634 2205 835 2252 exaequari
864 2204 1137 2252 quodammodo
1166 2207 1331 2244 convivis
1360 2220 1446 2254 pos-

70 2277 156 2317 set,
199 2277 237 2308 et
278 2284 431 2308 mensae
473 2272 507 2309 si
547 2286 622 2309 nou
661 2273 877 2310 acclunbel'e
905 2273 962 2309 uti
992 2274 1158 2322 caeteri,
1201 2280 1325 2311 tamen
1352 2276 1447 2312 assi-

70 2337 174 2376 dere.
215 2335 340 2376 GESN.

155 2403 243 2442 ead.
287 2404 315 2442 l.
349 2407 414 2443 14.
457 2402 835 2456 Καθίζεσθαι]
876 2405 962 2445 Non
991 2422 1087 2457 opus
1114 2414 1172 2447 est
1201 2405 1447 2455 καθέζεσθαι

71 2485 157 2510 cum
185 2470 236 2509 Β.
265 2472 409 2521 legere.
447 2471 593 2510 REI-rz-

155 2539 257 2588 Pag.
290 2542 358 2578 52.
398 2539 427 2577 Ζ.
461 2545 498 2579 1.
532 2534 836 2587 Ἑστιᾶσθε]
875 2541 922 2580 In
954 2542 1056 2581 Van.
1086 2549 1244 2592 utraque
1272 2542 1451 2581 mendose

71 2605 133 2644 hic
162 2607 304 2656 legitur
332 2602 562 2645 ἑστιᾶσθαι.
608 2605 762 2646 δοιΑΝ.

159 2673 250 2713 ead.
299 2674 330 2713 l.
389 2678 430 2715 5.
493 2668 624 2714 Οἷον
679 2670 1074 2729 τὸν-Ἡρακλέα
1120 2672 1448 2730 γράφουσιν]
