1740 3095
287 176 380 220 638
650 189 720 219 m:
763 187 966 219 AETATE
1002 188 1070 220 m·
1105 189 1343 221 AUCTORE

284 308 334 346 ad
362 307 459 347 hunc
486 309 658 347 libellum
687 309 725 345 in
761 309 1070 357 disputationibus
1112 310 1159 348 (le
1200 312 1419 359 antiquitate
1459 310 1548 349 fidei
1585 310 1654 350 Ni-

285 391 448 426 caenae,
489 378 646 425 aliisque
688 377 798 413 rebus
840 378 1039 424 provocari
1084 378 1264 416 viderem.
1324 377 1475 427 Operae
1525 381 1653 428 itaque

285 447 445 494 pretium
475 459 558 482 esse
589 445 762 492 putabam
793 445 906 481 etiam
940 445 1069 491 paullo
1100 447 1379 493 exquisitioris,
1418 448 1451 483 si
1480 449 1654 485 constitui

285 520 413 561 posset
449 512 611 560 aliquid,
651 511 749 559 qnod
788 511 848 548 vel
882 525 1003 559 usque
1043 526 1190 560 quaque
1231 520 1372 550 certum
1421 521 1542 563 esset,
1591 515 1654 553 vel

286 595 372 618 eum
410 581 679 628 probabilitatis
719 578 876 627 gradum
906 577 1082 628 haberet,
1125 594 1197 628 quo
1237 582 1276 616 in
1317 581 1383 617 tali
1423 594 1466 618 re
1505 583 1654 630 acquie-

285 648 463 686 scendum
493 649 563 684 sibi
593 649 665 684 viri
694 648 880 694 sapientes
906 654 1049 694 putant.

370 715 424 753 II.
455 714 521 752 Ad
548 716 620 751 tria
649 715 757 762 quasi
788 709 905 761 capita
935 715 1068 751 referri
1095 720 1272 761 possunt,
1304 729 1400 761 quae
1426 714 1546 754 adhuc
1565 729 1654 765 pro-

284 784 383 821 latae
423 790 507 820 sunt
548 783 767 820 sentcntiae.
828 780 924 818 Sunt
954 782 1074 829 enim,
1117 783 1179 828 qui
1208 780 1366 818 Luciani
1409 786 1551 821 auctori
1588 785 1655 821 tri-

285 851 472 889 buendum
516 857 664 898 putent:
706 850 849 886 malunt
887 849 951 885 alii
988 850 1234 896 antiquiorem
1276 848 1531 888 samosatensi
1574 864 1654 889 cre-

285 920 400 966 dere,
431 920 521 966 quin
550 917 595 954 ad
624 916 784 954 Neronis
810 929 930 963 usque
958 923 1126 963 tempora
1167 924 1267 953 retro
1309 918 1548 956 ascendentes
1588 933 1656 967 pa-

285 994 429 1024 rentem
458 986 614 1023 deformi
643 985 760 1021 foetui
790 990 991 1031 quaerunt:
1032 983 1096 1020 alii
1128 983 1288 1031 denique
1326 986 1509 1031 juniorem
1537 984 1656 1024 Luci-

284 1066 379 1103 auo,
410 1055 496 1101 quin
527 1054 609 1100 ipso
639 1053 748 1089 tertio
777 1058 861 1098 post
888 1049 932 1087 C.
963 1049 1011 1088 N.
1050 1051 1190 1088 seculo=
1207 1051 1422 1088 inferiorem
1459 1058 1499 1089 ut
1536 1060 1654 1091 statu-

283 1128 369 1169 ant,
412 1120 543 1157 adduci
581 1133 621 1156 se
664 1119 865 1166 patiuntur.
924 1116 1003 1154 Nos
1041 1119 1080 1154 in
1121 1131 1161 1154 re
1200 1131 1272 1154 non
1311 1119 1421 1156 nimis
1463 1119 1563 1157 sacili
1603 1122 1653 1159 ita

283 1190 536 1236 versabimur,
577 1193 618 1223 ut
657 1187 776 1233 primo
805 1187 1007 1222 sententias
1037 1185 1194 1222 aliorum
1231 1199 1505 1235 proponamus,
1542 1201 1653 1235 quam

283 1257 367 1294 fieri
397 1257 535 1304 poterit
564 1256 784 1302 perspicue,
813 1253 966 1298 adjectis
997 1254 1110 1290 simul
1140 1253 1306 1301 caussis,
1349 1267 1442 1300 quas
1470 1254 1532 1292 vel
1561 1255 1654 1294 alle-

284 1331 372 1373 gant
401 1325 494 1371 ipsi,
526 1323 585 1360 vel
620 1335 713 1369 quae
742 1321 915 1357 videntur
944 1321 1047 1368 illos,
1071 1327 1111 1357 ut
1140 1322 1189 1357 ita
1211 1321 1403 1369 sentirent,
1434 1321 1654 1373 induxisse3

282 1398 361 1428 tum
400 1404 494 1439 (guae
532 1398 656 1426 contra
693 1387 762 1425 hos
797 1389 841 1425 ab
880 1388 965 1425 aliis
1005 1388 1264 1437 disputentur,
1314 1389 1377 1425 vel
1416 1388 1488 1426 dici
1525 1398 1653 1428 nostra

284 1461 458 1508 opinione
484 1459 647 1506 possint,
690 1458 770 1494 sine
796 1458 1016 1502 cujusquam
1048 1457 1288 1493 insectatione
1317 1456 1484 1494 modeste
1513 1458 1655 1495 indice-

284 1542 390 1576 1nus3
428 1528 588 1573 denique
629 1532 669 1561 ut
704 1531 868 1561 nostram
899 1523 945 1560 de
973 1530 1047 1560 tota
1076 1537 1117 1561 re
1148 1525 1366 1561 sententiam
1411 1530 1448 1560 et
1487 1538 1652 1573 expona-

283 1609 367 1632 mus
399 1596 584 1641 breviter,
615 1599 651 1629 et
681 1592 907 1639 argumentis
934 1605 1001 1638 pro
1030 1591 1128 1628 virili
1158 1599 1262 1638 parte
1291 1592 1539 1630 adstruamus.

368 1660 441 1698 III.
480 1659 602 1709 Igitur
641 1661 704 1707 qui
747 1657 916 1695 Luciano
954 1660 1118 1696 tribuunt
1156 1660 1325 1697 scelerati
1355 1666 1485 1707 partus
1522 1660 1654 1698 exclu-

284 1731 452 1775 sionem,
504 1728 549 1764 ab
596 1726 674 1763 illis
724 1739 772 1762 ne
813 1726 1036 1774 exigendam
1071 1725 1220 1773 quidem
1257 1739 1341 1764 esse
1382 1728 1652 1776 probationem,

283 1796 405 1835 videri
435 1796 546 1832 alicui
577 1799 709 1841 queat3
751 1806 847 1838 cum,
893 1792 993 1839 quod
1023 1794 1120 1829 inter
1148 1794 1311 1840 reliquas
1341 1795 1423 1841 ejus
1453 1796 1524 1832 viri
1553 1810 1654 1834 com-

285 1865 531 1902 mentationes
562 1866 794 1908 compareat,
823 1873 870 1897 ex
901 1874 944 1897 eo
975 1861 1057 1907 ipso
1086 1861 1177 1897 satis
1208 1867 1364 1913 constet⁷
1394 1863 1468 1899 nisi
1497 1864 1558 1910 sit,
1589 1864 1654 1911 qui

286 1933 434 1969 meliori
465 1933 546 1977 jure
576 1941 662 1965 eum
691 1928 762 1964 sibi
791 1927 975 1974 vindicet,
1003 1928 1105 1964 illius
1131 1941 1238 1976 esse,
1280 1929 1385 1975 cujus
1416 1943 1482 1976 per
1508 1936 1562 1966 tot
1588 1944 1654 1967 an-

285 2013 354 2037 nos
393 1999 465 2036 suit
505 1997 707 2044 possessio.
767 1993 934 2031 Plurima
973 1995 1071 2031 enim
1107 2007 1190 2031 esse
1242 1996 1488 2042 plurimorum
1527 2004 1654 2035 aucto-

284 2080 369 2104 rum
399 2067 556 2112 scripta,
588 2077 682 2111 quae
712 2077 868 2110 eorum,
896 2063 1027 2110 quibus
1057 2062 1280 2111 tribuantur,
1312 2077 1410 2111 esse,
1438 2064 1542 2102 nullo
1576 2065 1652 2102 alio

287 2140 506 2182 argumento
534 2131 756 2179 probentur,
796 2143 906 2178 quam
940 2129 1039 2178 quod
1066 2131 1163 2166 inter
1190 2130 1335 2178 reliqua
1363 2131 1530 2179 ipsorum
1559 2133 1653 2168 scri-

285 2209 347 2248 pta
383 2200 605 2240 reserantur,
661 2198 790 2246 Atque
828 2197 920 2234 haec
962 2210 1045 2233 cum
1082 2198 1133 2233 ita
1173 2197 1272 2246 sint,
1312 2198 1509 2247 accedere,
1552 2198 1652 2246 quod

285 2274 544 2316 argumentum
573 2266 646 2303 tale
675 2265 786 2313 hujus
817 2264 970 2312 Dialogi
1000 2266 1062 2311 sit,
1101 2264 1198 2311 quod
1228 2278 1248 2301 a
1278 2265 1466 2302 dicacitate
1494 2263 1652 2303 Luciani

288 2342 325 2372 et
355 2336 477 2372 onmia
508 2333 711 2370 insectandi
740 2332 894 2369 libidine
924 2346 998 2368 non
1032 2330 1239 2371 abhorreat.
1298 2331 1403 2369 Olim
1433 2334 1530 2369 enim
1561 2333 1653 2370 effe-

288 2404 383 2439 cisse
414 2400 715 2438 Samosatensem
744 2400 852 2435 illum
881 2412 1072 2446 scurram,
1110 2405 1173 2445 ut,
1214 2399 1246 2436 si
1285 2399 1374 2446 quid
1411 2401 1448 2435 iu
1477 2413 1517 2437 re
1544 2401 1651 2449 gravi

289 2469 508 2514 ridiculum,
550 2469 589 2504 in
634 2469 728 2504 seria
769 2466 974 2513 ludicrum,
1012 2467 1050 2501 in
1090 2464 1246 2502 honesta
1276 2466 1435 2514 (lenique
1463 2473 1653 2504 contume—

288 2536 386 2573 liose
416 2536 554 2572 dictum
582 2541 778 2582 appareat,
809 2533 848 2569 id
876 2532 973 2569 haud
1002 2532 1123 2580 male,
1164 2546 1232 2569 nec
1261 2533 1336 2570 levi
1365 2536 1574 2581 conjectura
1603 2533 1650 2570 ad

289 2605 414 2651 ipsum
444 2610 631 2640 auctorem
660 2601 852 2638 reseratur.
912 2598 1042 2647 Neque
1073 2598 1290 2636 Christianis
1319 2602 1553 2649 pepercisse,
1583 2599 1651 2637 sed

291 2671 331 2707 in
367 2672 470 2718 ipsos
508 2671 619 2708 etiam
653 2667 877 2707 maledicum
909 2668 1105 2705 strinxisse
1143 2667 1324 2705 calanuun
1335 2696 1347 2715 ‚
1393 2668 1456 2708 vel
1499 2666 1649 2718 Protea,
