<?xml version="1.0" encoding="UTF-8"?>
<!DOCTYPE html PUBLIC "-//W3C//DTD XHTML 1.0 Transitional//EN"
    "http://www.w3.org/TR/xhtml1/DTD/xhtml1-transitional.dtd">
<html xmlns="http://www.w3.org/1999/xhtml" xml:lang="en" lang="en">
 <head>
  <title>
</title>
<meta http-equiv="Content-Type" content="text/html;charset=utf-8" />
  <meta name='ocr-system' content='tesseract 3.04.00' />
  <meta name='ocr-capabilities' content='ocr_page ocr_carea ocr_par ocr_line ocrx_word'/>
</head>
<body>
  <div class='ocr_page' id='page_1' title='image "./operagraecaetlat09luciuoft_0674.png"; bbox 0 0 1740 3095; ppageno 0'>
   <div class='ocr_carea' id='block_1_1' title="bbox 285 131 1362 187">
    <p class='ocr_par' dir='ltr' id='par_1_1' title="bbox 285 131 1362 187">
     <span class='ocr_line' id='line_1_1' title="bbox 285 131 1362 187; baseline 0.007 -10"><span class='ocrx_word' id='word_1_1' title='bbox 285 131 380 178; x_wconf 73' lang='lat'><strong>664</strong></span> <span class='ocrx_word' id='word_1_2' title='bbox 660 149 733 180; x_wconf 79' lang='lat' dir='ltr'><strong>m:</strong></span> <span class='ocrx_word' id='word_1_3' title='bbox 769 148 983 182; x_wconf 75' lang='lat' dir='ltr'>AETATE</span> <span class='ocrx_word' id='word_1_4' title='bbox 1018 152 1088 184; x_wconf 81' lang='lat' dir='ltr'><strong>ET</strong></span> <span class='ocrx_word' id='word_1_5' title='bbox 1121 152 1362 187; x_wconf 68' lang='lat' dir='ltr'><strong>Aucronn</strong></span> 
     </span>
    </p>
   </div>
   <div class='ocr_carea' id='block_1_2' title="bbox 273 266 1658 2214">
    <p class='ocr_par' dir='ltr' id='par_1_2' title="bbox 273 266 1658 1795">
     <span class='ocr_line' id='line_1_2' title="bbox 283 266 1655 328; baseline 0.009 -23"><span class='ocrx_word' id='word_1_6' title='bbox 283 268 428 318; x_wconf 72' lang='lat' dir='ltr'><strong>rimus,</strong></span> <span class='ocrx_word' id='word_1_7' title='bbox 457 266 553 306; x_wconf 83' lang='lat' dir='ltr'>nihil</span> <span class='ocrx_word' id='word_1_8' title='bbox 580 269 687 328; x_wconf 78' lang='lat' dir='ltr'><strong>nobis</strong></span> <span class='ocrx_word' id='word_1_9' title='bbox 717 269 862 320; x_wconf 82' lang='lat' dir='ltr'><strong>obstat,</strong></span> <span class='ocrx_word' id='word_1_10' title='bbox 892 271 926 309; x_wconf 88' lang='lat' dir='ltr'><strong>si</strong></span> <span class='ocrx_word' id='word_1_11' title='bbox 954 272 1136 320; x_wconf 79' lang='lat' dir='ltr'><strong>quaedam</strong></span> <span class='ocrx_word' id='word_1_12' title='bbox 1163 276 1265 325; x_wconf 84' lang='lat' dir='ltr'><strong>sint,</strong></span> <span class='ocrx_word' id='word_1_13' title='bbox 1303 290 1398 325; x_wconf 88' lang='lat' dir='ltr'><strong>quae</strong></span> <span class='ocrx_word' id='word_1_14' title='bbox 1426 277 1473 315; x_wconf 88' lang='lat' dir='ltr'><strong>ad</strong></span> <span class='ocrx_word' id='word_1_15' title='bbox 1500 275 1655 317; x_wconf 83' lang='lat' dir='ltr'><strong>Diocle-</strong></span> 
     </span>
     <span class='ocr_line' id='line_1_3' title="bbox 283 334 1656 390; baseline 0.009 -18"><span class='ocrx_word' id='word_1_16' title='bbox 283 336 426 373; x_wconf 88' lang='lat' dir='ltr'><strong>tianum</strong></span> <span class='ocrx_word' id='word_1_17' title='bbox 456 343 493 373; x_wconf 90' lang='lat' dir='ltr'><strong>et</strong></span> <span class='ocrx_word' id='word_1_18' title='bbox 519 334 574 374; x_wconf 91' lang='lat' dir='ltr'><strong>A.</strong></span> <span class='ocrx_word' id='word_1_19' title='bbox 607 334 654 375; x_wconf 85' lang='lat' dir='ltr'><strong>C.</strong></span> <span class='ocrx_word' id='word_1_20' title='bbox 687 350 887 387; x_wconf 67' lang='lat' dir='ltr'><strong>ccxcvn„</strong></span> <span class='ocrx_word' id='word_1_21' title='bbox 916 338 1016 377; x_wconf 86' lang='grc'><strong>1111110</strong></span> <span class='ocrx_word' id='word_1_22' title='bbox 1045 343 1144 378; x_wconf 87' lang='grc'><strong>6111111</strong></span> <span class='ocrx_word' id='word_1_23' title='bbox 1171 349 1255 390; x_wconf 87' lang='lat' dir='ltr'><strong>post</strong></span> <span class='ocrx_word' id='word_1_24' title='bbox 1282 343 1562 384; x_wconf 84' lang='lat' dir='ltr'><strong>fluctuationem</strong></span> <span class='ocrx_word' id='word_1_25' title='bbox 1586 348 1656 384; x_wconf 91' lang='lat' dir='ltr'><strong>ali-</strong></span> 
     </span>
     <span class='ocr_line' id='line_1_4' title="bbox 283 404 1656 462; baseline 0.009 -23"><span class='ocrx_word' id='word_1_26' title='bbox 283 416 398 451; x_wconf 83' lang='lat' dir='ltr'>quam</span> <span class='ocrx_word' id='word_1_27' title='bbox 426 404 543 450; x_wconf 89' lang='lat' dir='ltr'><strong>ponit,</strong></span> <span class='ocrx_word' id='word_1_28' title='bbox 573 404 707 442; x_wconf 84' lang='lat' dir='ltr'><strong>referri</strong></span> <span class='ocrx_word' id='word_1_29' title='bbox 735 407 892 453; x_wconf 73' lang='lat' dir='ltr'><strong>possint,</strong></span> <span class='ocrx_word' id='word_1_30' title='bbox 947 404 1081 457; x_wconf 86' lang='lat' dir='ltr'><strong>Itaque</strong></span> <span class='ocrx_word' id='word_1_31' title='bbox 1114 409 1210 447; x_wconf 87' lang='lat' dir='ltr'><strong>dicto</strong></span> <span class='ocrx_word' id='word_1_32' title='bbox 1239 410 1468 450; x_wconf 83' lang='lat' dir='ltr'>Diocletiani</span> <span class='ocrx_word' id='word_1_33' title='bbox 1497 416 1656 462; x_wconf 86' lang='lat' dir='ltr'><strong>tempori</strong></span> 
     </span>
     <span class='ocr_line' id='line_1_5' title="bbox 281 471 1656 530; baseline 0.01 -24"><span class='ocrx_word' id='word_1_34' title='bbox 281 477 465 519; x_wconf 79' lang='lat' dir='ltr'>repugnat</span> <span class='ocrx_word' id='word_1_35' title='bbox 493 471 636 521; x_wconf 88' lang='lat' dir='ltr'><strong>primo,</strong></span> <span class='ocrx_word' id='word_1_36' title='bbox 665 472 765 521; x_wconf 80' lang='lat' dir='ltr'><strong>quod</strong></span> <span class='ocrx_word' id='word_1_37' title='bbox 793 474 833 510; x_wconf 92' lang='lat' dir='ltr'><strong>in</strong></span> <span class='ocrx_word' id='word_1_38' title='bbox 861 474 1010 524; x_wconf 76' lang='lat' dir='ltr'>dialogo</span> <span class='ocrx_word' id='word_1_39' title='bbox 1037 483 1165 514; x_wconf 89' lang='lat' dir='ltr'><strong>nostro</strong></span> <span class='ocrx_word' id='word_1_40' title='bbox 1192 479 1303 517; x_wconf 89' lang='lat' dir='ltr'><strong>unius</strong></span> <span class='ocrx_word' id='word_1_41' title='bbox 1323 480 1434 518; x_wconf 87' lang='lat' dir='ltr'><strong>modo</strong></span> <span class='ocrx_word' id='word_1_42' title='bbox 1455 477 1656 530; x_wconf 74' lang='grc' dir='ltr'><em>αὐτοκρά-</em></span> 
     </span>
     <span class='ocr_line' id='line_1_6' title="bbox 282 537 1656 594; baseline 0.009 -20"><span class='ocrx_word' id='word_1_43' title='bbox 282 550 402 588; x_wconf 81' lang='grc' dir='ltr'><em>τορος</em></span> <span class='ocrx_word' id='word_1_44' title='bbox 442 537 486 575; x_wconf 86' lang='lat' dir='ltr'><strong>fit</strong></span> <span class='ocrx_word' id='word_1_45' title='bbox 530 541 691 577; x_wconf 70' lang='grc'><strong>1116111101</strong></span> <span class='ocrx_word' id='word_1_46' title='bbox 741 539 1001 579; x_wconf 82' lang='lat' dir='ltr'><strong>Diocletianus</strong></span> <span class='ocrx_word' id='word_1_47' title='bbox 1052 550 1177 581; x_wconf 87' lang='lat' dir='ltr'><strong>autem</strong></span> <span class='ocrx_word' id='word_1_48' title='bbox 1219 540 1431 594; x_wconf 79' lang='lat' dir='ltr'><strong>reportatae</strong></span> <span class='ocrx_word' id='word_1_49' title='bbox 1477 549 1656 587; x_wconf 85' lang='lat' dir='ltr'><strong>victoriae</strong></span> 
     </span>
     <span class='ocr_line' id='line_1_7' title="bbox 282 602 1654 667; baseline 0.01 -26"><span class='ocrx_word' id='word_1_50' title='bbox 282 602 457 642; x_wconf 81' lang='lat' dir='ltr'><strong>Persicae</strong></span> <span class='ocrx_word' id='word_1_51' title='bbox 492 612 686 657; x_wconf 81' lang='lat' dir='ltr'><strong>tempore,</strong></span> <span class='ocrx_word' id='word_1_52' title='bbox 723 621 984 658; x_wconf 78' lang='lat' dir='ltr'>quemcunque</span> <span class='ocrx_word' id='word_1_53' title='bbox 1023 610 1173 648; x_wconf 87' lang='lat' dir='ltr'><strong>demum</strong></span> <span class='ocrx_word' id='word_1_54' title='bbox 1201 613 1261 650; x_wconf 86' lang='lat' dir='ltr'><strong>illi</strong></span> <span class='ocrx_word' id='word_1_55' title='bbox 1299 628 1435 653; x_wconf 88' lang='lat' dir='ltr'><strong>annum</strong></span> <span class='ocrx_word' id='word_1_56' title='bbox 1469 617 1654 667; x_wconf 78' lang='lat' dir='ltr'><strong>assignes,</strong></span> 
     </span>
     <span class='ocr_line' id='line_1_8' title="bbox 282 671 1657 729; baseline 0.01 -20"><span class='ocrx_word' id='word_1_57' title='bbox 282 672 465 721; x_wconf 82' lang='lat' dir='ltr'><strong>collegam</strong></span> <span class='ocrx_word' id='word_1_58' title='bbox 506 671 636 712; x_wconf 80' lang='lat' dir='ltr'><strong>habuit</strong></span> <span class='ocrx_word' id='word_1_59' title='bbox 674 683 858 723; x_wconf 83' lang='lat' dir='ltr'><strong>potestate</strong></span> <span class='ocrx_word' id='word_1_60' title='bbox 903 678 976 716; x_wconf 86' lang='lat' dir='ltr'><strong>sibi</strong></span> <span class='ocrx_word' id='word_1_61' title='bbox 1012 686 1235 729; x_wconf 73' lang='lat' dir='ltr'><strong>aequattnn,</strong></span> <span class='ocrx_word' id='word_1_62' title='bbox 1272 679 1512 722; x_wconf 87' lang='lat' dir='ltr'><strong>Herculinm.</strong></span> <span class='ocrx_word' id='word_1_63' title='bbox 1571 683 1657 723; x_wconf 88' lang='lat' dir='ltr'><strong>Non</strong></span> 
     </span>
     <span class='ocr_line' id='line_1_9' title="bbox 281 739 1656 795; baseline 0.01 -18"><span class='ocrx_word' id='word_1_64' title='bbox 281 739 430 779; x_wconf 72' lang='lat' dir='ltr'><strong>videtur</strong></span> <span class='ocrx_word' id='word_1_65' title='bbox 455 748 606 792; x_wconf 88' lang='lat' dir='ltr'><strong>autem,</strong></span> <span class='ocrx_word' id='word_1_66' title='bbox 649 743 750 791; x_wconf 88' lang='lat' dir='ltr'><strong>quod</strong></span> <span class='ocrx_word' id='word_1_67' title='bbox 787 745 827 781; x_wconf 91' lang='lat' dir='ltr'><strong>in</strong></span> <span class='ocrx_word' id='word_1_68' title='bbox 855 747 1105 783; x_wconf 75' lang='lat' dir='ltr'><strong>mommlentis</strong></span> <span class='ocrx_word' id='word_1_69' title='bbox 1133 748 1293 795; x_wconf 87' lang='lat' dir='ltr'><strong>publicis</strong></span> <span class='ocrx_word' id='word_1_70' title='bbox 1323 755 1403 787; x_wconf 88' lang='lat' dir='ltr'><strong>tum</strong></span> <span class='ocrx_word' id='word_1_71' title='bbox 1433 751 1656 790; x_wconf 83' lang='lat' dir='ltr'><strong>observaba-</strong></span> 
     </span>
     <span class='ocr_line' id='line_1_10' title="bbox 280 809 1657 866; baseline 0.01 -22"><span class='ocrx_word' id='word_1_72' title='bbox 280 814 367 857; x_wconf 87' lang='lat' dir='ltr'><strong>tur,</strong></span> <span class='ocrx_word' id='word_1_73' title='bbox 395 809 608 858; x_wconf 86' lang='lat' dir='ltr'><strong>neglectum</strong></span> <span class='ocrx_word' id='word_1_74' title='bbox 638 823 658 847; x_wconf 91' lang='lat' dir='ltr'><strong>a</strong></span> <span class='ocrx_word' id='word_1_75' title='bbox 689 809 866 859; x_wconf 87' lang='lat' dir='ltr'><strong>Sophista</strong></span> <span class='ocrx_word' id='word_1_76' title='bbox 895 813 1098 863; x_wconf 81' lang='lat' dir='ltr'><strong>famelico,</strong></span> <span class='ocrx_word' id='word_1_77' title='bbox 1128 815 1228 863; x_wconf 89' lang='lat' dir='ltr'><strong>quod</strong></span> <span class='ocrx_word' id='word_1_78' title='bbox 1256 829 1376 864; x_wconf 85' lang='lat' dir='ltr'><strong>genus</strong></span> <span class='ocrx_word' id='word_1_79' title='bbox 1404 818 1533 866; x_wconf 84' lang='lat' dir='ltr'><strong>plures</strong></span> <span class='ocrx_word' id='word_1_80' title='bbox 1564 820 1657 858; x_wconf 87' lang='lat' dir='ltr'><strong>adu-</strong></span> 
     </span>
     <span class='ocr_line' id='line_1_11' title="bbox 279 874 1658 933; baseline 0.011 -22"><span class='ocrx_word' id='word_1_81' title='bbox 279 874 420 912; x_wconf 82' lang='lat' dir='ltr'><strong>latione</strong></span> <span class='ocrx_word' id='word_1_82' title='bbox 460 877 660 925; x_wconf 79' lang='lat' dir='ltr'><strong>complecti</strong></span> <span class='ocrx_word' id='word_1_83' title='bbox 700 880 813 917; x_wconf 90' lang='lat' dir='ltr'><strong>solet.</strong></span> <span class='ocrx_word' id='word_1_84' title='bbox 871 878 1023 918; x_wconf 87' lang='lat' dir='ltr'><strong>Deinde</strong></span> <span class='ocrx_word' id='word_1_85' title='bbox 1059 894 1177 919; x_wconf 83' lang='lat' dir='ltr'><strong>senex</strong></span> <span class='ocrx_word' id='word_1_86' title='bbox 1214 884 1281 922; x_wconf 85' lang='lat' dir='ltr'><strong>illa</strong></span> <span class='ocrx_word' id='word_1_87' title='bbox 1324 890 1546 933; x_wconf 80' lang='lat' dir='ltr'><strong>tempestate</strong></span> <span class='ocrx_word' id='word_1_88' title='bbox 1584 888 1658 926; x_wconf 89' lang='lat' dir='ltr'><strong>fuit</strong></span> 
     </span>
     <span class='ocr_line' id='line_1_12' title="bbox 280 941 1656 1000; baseline 0.011 -21"><span class='ocrx_word' id='word_1_89' title='bbox 280 941 566 994; x_wconf 84' lang='lat' dir='ltr'><strong>Diocletianus,</strong></span> <span class='ocrx_word' id='word_1_90' title='bbox 615 959 772 994; x_wconf 88' lang='lat' dir='ltr'><strong>eamque</strong></span> <span class='ocrx_word' id='word_1_91' title='bbox 821 960 990 985; x_wconf 84' lang='lat' dir='ltr'><strong>caussam</strong></span> <span class='ocrx_word' id='word_1_92' title='bbox 1042 949 1220 998; x_wconf 80' lang='lat' dir='ltr'><strong>allegavit</strong></span> <span class='ocrx_word' id='word_1_93' title='bbox 1275 951 1516 1000; x_wconf 85' lang='lat' dir='ltr'><strong>deponendae</strong></span> <span class='ocrx_word' id='word_1_94' title='bbox 1566 969 1656 994; x_wconf 87' lang='lat' dir='ltr'><strong>mox</strong></span> 
     </span>
     <span class='ocr_line' id='line_1_13' title="bbox 279 1010 1656 1068; baseline 0.01 -22"><span class='ocrx_word' id='word_1_95' title='bbox 279 1024 469 1058; x_wconf 82' lang='lat' dir='ltr'><strong>purpurae</strong></span> <span class='ocrx_word' id='word_1_96' title='bbox 483 1010 542 1061; x_wconf 77' lang='lat' dir='ltr'><strong>a);</strong></span> <span class='ocrx_word' id='word_1_97' title='bbox 589 1019 632 1050; x_wconf 89' lang='lat' dir='ltr'><strong>ut</strong></span> <span class='ocrx_word' id='word_1_98' title='bbox 674 1013 749 1050; x_wconf 86' lang='lat' dir='ltr'><strong>alia</strong></span> <span class='ocrx_word' id='word_1_99' title='bbox 787 1012 1055 1063; x_wconf 78' lang='lat' dir='ltr'><strong>argumentab)</strong></span> <span class='ocrx_word' id='word_1_100' title='bbox 1104 1023 1292 1055; x_wconf 81' lang='lat' dir='ltr'><strong>taceamus</strong></span> <span class='ocrx_word' id='word_1_101' title='bbox 1310 1047 1322 1068; x_wconf 93' lang='lat'><strong>,</strong></span> <span class='ocrx_word' id='word_1_102' title='bbox 1372 1022 1508 1068; x_wconf 85' lang='lat' dir='ltr'><strong>quibus</strong></span> <span class='ocrx_word' id='word_1_103' title='bbox 1556 1023 1656 1060; x_wconf 88' lang='lat' dir='ltr'><strong>iUud</strong></span> 
     </span>
     <span class='ocr_line' id='line_1_14' title="bbox 278 1078 1655 1139; baseline 0.01 -25"><span class='ocrx_word' id='word_1_104' title='bbox 278 1083 402 1125; x_wconf 87' lang='lat' dir='ltr'><strong>potest</strong></span> <span class='ocrx_word' id='word_1_105' title='bbox 431 1078 575 1116; x_wconf 89' lang='lat' dir='ltr'><strong>confici.</strong></span> <span class='ocrx_word' id='word_1_106' title='bbox 633 1079 679 1118; x_wconf 90' lang='lat' dir='ltr'><strong>In</strong></span> <span class='ocrx_word' id='word_1_107' title='bbox 708 1080 784 1117; x_wconf 88' lang='lat' dir='ltr'><strong>fine</strong></span> <span class='ocrx_word' id='word_1_108' title='bbox 812 1079 1082 1129; x_wconf 86' lang='lat' dir='ltr'><strong>Philopatridis</strong></span> <span class='ocrx_word' id='word_1_109' title='bbox 1112 1092 1237 1121; x_wconf 86' lang='lat' dir='ltr'><strong>antem</strong></span> <span class='ocrx_word' id='word_1_110' title='bbox 1276 1099 1350 1123; x_wconf 91' lang='lat' dir='ltr'><strong>non</strong></span> <span class='ocrx_word' id='word_1_111' title='bbox 1388 1089 1460 1125; x_wconf 89' lang='lat' dir='ltr'><strong>sibi</strong></span> <span class='ocrx_word' id='word_1_112' title='bbox 1497 1095 1655 1139; x_wconf 83' lang='lat' dir='ltr'><strong>tantum,</strong></span> 
     </span>
     <span class='ocr_line' id='line_1_15' title="bbox 278 1144 1656 1194; baseline 0.01 -13"><span class='ocrx_word' id='word_1_113' title='bbox 278 1144 347 1182; x_wconf 85' lang='lat' dir='ltr'><strong>sed</strong></span> <span class='ocrx_word' id='word_1_114' title='bbox 375 1145 504 1183; x_wconf 86' lang='lat' dir='ltr'><strong>liberis</strong></span> <span class='ocrx_word' id='word_1_115' title='bbox 533 1147 612 1184; x_wconf 83' lang='lat' dir='ltr'><strong>suis</strong></span> <span class='ocrx_word' id='word_1_116' title='bbox 650 1146 698 1184; x_wconf 87' lang='lat' dir='ltr'><strong>ad</strong></span> <span class='ocrx_word' id='word_1_117' title='bbox 736 1147 951 1185; x_wconf 80' lang='lat' dir='ltr'><strong>felicitatem</strong></span> <span class='ocrx_word' id='word_1_118' title='bbox 992 1149 1169 1189; x_wconf 85' lang='lat' dir='ltr'><strong>sufficere</strong></span> <span class='ocrx_word' id='word_1_119' title='bbox 1207 1153 1259 1189; x_wconf 86' lang='lat' dir='ltr'><strong>ait</strong></span> <span class='ocrx_word' id='word_1_120' title='bbox 1289 1151 1430 1192; x_wconf 84' lang='lat' dir='ltr'><strong>Critias</strong></span> <span class='ocrx_word' id='word_1_121' title='bbox 1469 1155 1551 1193; x_wconf 85' lang='lat' dir='ltr'><strong>dies</strong></span> <span class='ocrx_word' id='word_1_122' title='bbox 1580 1155 1656 1194; x_wconf 88' lang='lat' dir='ltr'><strong>Im-</strong></span> 
     </span>
     <span class='ocr_line' id='line_1_16' title="bbox 276 1213 1655 1274; baseline 0.01 -25"><span class='ocrx_word' id='word_1_123' title='bbox 276 1214 483 1262; x_wconf 86' lang='lat' dir='ltr'><strong>peratoris,</strong></span> <span class='ocrx_word' id='word_1_124' title='bbox 510 1213 609 1261; x_wconf 87' lang='lat' dir='ltr'><strong>qnod</strong></span> <span class='ocrx_word' id='word_1_125' title='bbox 637 1215 750 1252; x_wconf 89' lang='lat' dir='ltr'><strong>nimis</strong></span> <span class='ocrx_word' id='word_1_126' title='bbox 779 1215 981 1253; x_wconf 88' lang='lat' dir='ltr'><strong>ridiculum</strong></span> <span class='ocrx_word' id='word_1_127' title='bbox 1010 1219 1126 1255; x_wconf 88' lang='lat' dir='ltr'><strong>estin</strong></span> <span class='ocrx_word' id='word_1_128' title='bbox 1150 1232 1239 1256; x_wconf 89' lang='lat' dir='ltr'><strong>sene</strong></span> <span class='ocrx_word' id='word_1_129' title='bbox 1265 1221 1491 1269; x_wconf 85' lang='lat' dir='ltr'><strong>imperatore</strong></span> <span class='ocrx_word' id='word_1_130' title='bbox 1516 1223 1655 1274; x_wconf 85' lang='lat' dir='ltr'><strong>dicere,</strong></span> 
     </span>
     <span class='ocr_line' id='line_1_17' title="bbox 278 1278 1656 1342; baseline 0.011 -27"><span class='ocrx_word' id='word_1_131' title='bbox 278 1280 343 1327; x_wconf 90' lang='lat' dir='ltr'><strong>qui</strong></span> <span class='ocrx_word' id='word_1_132' title='bbox 383 1280 456 1318; x_wconf 88' lang='lat' dir='ltr'><strong>sibi</strong></span> <span class='ocrx_word' id='word_1_133' title='bbox 496 1278 701 1319; x_wconf 81' lang='lat' dir='ltr'><strong>Caesarem</strong></span> <span class='ocrx_word' id='word_1_134' title='bbox 733 1283 810 1330; x_wconf 85' lang='lat' dir='ltr'><strong>jam</strong></span> <span class='ocrx_word' id='word_1_135' title='bbox 851 1291 1095 1324; x_wconf 86' lang='lat' dir='ltr'><strong>assumserat.</strong></span> <span class='ocrx_word' id='word_1_136' title='bbox 1155 1284 1252 1324; x_wconf 88' lang='lat' dir='ltr'><strong>Sunt</strong></span> <span class='ocrx_word' id='word_1_137' title='bbox 1301 1295 1449 1342; x_wconf 83' lang='lat' dir='ltr'><strong>caetera</strong></span> <span class='ocrx_word' id='word_1_138' title='bbox 1504 1291 1544 1330; x_wconf 86' lang='grc'><strong>111</strong></span> <span class='ocrx_word' id='word_1_139' title='bbox 1589 1291 1656 1330; x_wconf 83' lang='lat' dir='ltr'><strong>illa</strong></span> 
     </span>
     <span class='ocr_line' id='line_1_18' title="bbox 276 1345 1656 1407; baseline 0.01 -24"><span class='ocrx_word' id='word_1_140' title='bbox 276 1353 383 1395; x_wconf 82' lang='lat' dir='ltr'><strong>parte</strong></span> <span class='ocrx_word' id='word_1_141' title='bbox 412 1345 617 1398; x_wconf 79' lang='lat' dir='ltr'><strong>historiae,</strong></span> <span class='ocrx_word' id='word_1_142' title='bbox 651 1356 831 1397; x_wconf 84' lang='lat' dir='ltr'><strong>quantum</strong></span> <span class='ocrx_word' id='word_1_143' title='bbox 860 1350 907 1388; x_wconf 89' lang='lat' dir='ltr'><strong>ad</strong></span> <span class='ocrx_word' id='word_1_144' title='bbox 941 1365 1121 1390; x_wconf 87' lang='lat' dir='ltr'><strong>annorum</strong></span> <span class='ocrx_word' id='word_1_145' title='bbox 1158 1356 1350 1406; x_wconf 82' lang='lat' dir='ltr'><strong>rationes,</strong></span> <span class='ocrx_word' id='word_1_146' title='bbox 1389 1356 1499 1395; x_wconf 84' lang='lat' dir='ltr'><strong>valde</strong></span> <span class='ocrx_word' id='word_1_147' title='bbox 1537 1359 1656 1407; x_wconf 87' lang='lat' dir='ltr'><strong>impe-</strong></span> 
     </span>
     <span class='ocr_line' id='line_1_19' title="bbox 276 1413 1654 1477; baseline 0.009 -26"><span class='ocrx_word' id='word_1_148' title='bbox 276 1413 377 1464; x_wconf 84' lang='lat' dir='ltr'><strong>dita,</strong></span> <span class='ocrx_word' id='word_1_149' title='bbox 419 1421 456 1452; x_wconf 92' lang='lat' dir='ltr'><strong>et</strong></span> <span class='ocrx_word' id='word_1_150' title='bbox 484 1417 588 1454; x_wconf 78' lang='lat' dir='ltr'><strong>varie</strong></span> <span class='ocrx_word' id='word_1_151' title='bbox 633 1430 655 1454; x_wconf 85' lang='lat' dir='ltr'><strong>a</strong></span> <span class='ocrx_word' id='word_1_152' title='bbox 684 1418 777 1455; x_wconf 84' lang='lat' dir='ltr'><strong>viris</strong></span> <span class='ocrx_word' id='word_1_153' title='bbox 805 1419 962 1456; x_wconf 89' lang='lat' dir='ltr'><strong>summis</strong></span> <span class='ocrx_word' id='word_1_154' title='bbox 991 1419 1193 1467; x_wconf 87' lang='lat' dir='ltr'><strong>disputata.</strong></span> <span class='ocrx_word' id='word_1_155' title='bbox 1250 1421 1360 1461; x_wconf 85' lang='lat' dir='ltr'><strong>Haec</strong></span> <span class='ocrx_word' id='word_1_156' title='bbox 1402 1424 1477 1462; x_wconf 90' lang='lat' dir='ltr'><strong>duo</strong></span> <span class='ocrx_word' id='word_1_157' title='bbox 1516 1432 1654 1477; x_wconf 82' lang='lat' dir='ltr'><strong>tamen,</strong></span> 
     </span>
     <span class='ocr_line' id='line_1_20' title="bbox 276 1481 1654 1544; baseline 0.01 -26"><span class='ocrx_word' id='word_1_158' title='bbox 276 1495 372 1530; x_wconf 88' lang='lat' dir='ltr'><strong>quae</strong></span> <span class='ocrx_word' id='word_1_159' title='bbox 412 1481 600 1533; x_wconf 86' lang='lat' dir='ltr'><strong>diximus,</strong></span> <span class='ocrx_word' id='word_1_160' title='bbox 638 1485 678 1521; x_wconf 88' lang='lat' dir='ltr'><strong>in</strong></span> <span class='ocrx_word' id='word_1_161' title='bbox 720 1492 902 1533; x_wconf 85' lang='lat' dir='ltr'><strong>quantum</strong></span> <span class='ocrx_word' id='word_1_162' title='bbox 941 1486 990 1523; x_wconf 89' lang='lat' dir='ltr'><strong>ad</strong></span> <span class='ocrx_word' id='word_1_163' title='bbox 1028 1494 1196 1525; x_wconf 84' lang='lat' dir='ltr'><strong>nostram</strong></span> <span class='ocrx_word' id='word_1_164' title='bbox 1238 1503 1409 1529; x_wconf 81' lang='lat' dir='ltr'><strong>caussam</strong></span> <span class='ocrx_word' id='word_1_165' title='bbox 1453 1495 1654 1544; x_wconf 87' lang='lat' dir='ltr'><strong>pertinent,</strong></span> 
     </span>
     <span class='ocr_line' id='line_1_21' title="bbox 276 1551 1654 1608; baseline 0.01 -23"><span class='ocrx_word' id='word_1_166' title='bbox 276 1551 585 1599; x_wconf 84' lang='lat' dir='ltr'><strong>controversiam,</strong></span> <span class='ocrx_word' id='word_1_167' title='bbox 627 1551 728 1599; x_wconf 89' lang='lat' dir='ltr'><strong>quod</strong></span> <span class='ocrx_word' id='word_1_168' title='bbox 756 1553 897 1602; x_wconf 88' lang='lat' dir='ltr'><strong>sciam,</strong></span> <span class='ocrx_word' id='word_1_169' title='bbox 935 1567 1010 1591; x_wconf 91' lang='lat' dir='ltr'><strong>non</strong></span> <span class='ocrx_word' id='word_1_170' title='bbox 1050 1553 1201 1593; x_wconf 87' lang='lat' dir='ltr'><strong>habent.</strong></span> <span class='ocrx_word' id='word_1_171' title='bbox 1259 1555 1343 1595; x_wconf 85' lang='lat' dir='ltr'><strong>Sed·</strong></span> <span class='ocrx_word' id='word_1_172' title='bbox 1375 1566 1490 1608; x_wconf 87' lang='lat' dir='ltr'><strong>puto,</strong></span> <span class='ocrx_word' id='word_1_173' title='bbox 1529 1561 1654 1608; x_wconf 88' lang='lat' dir='ltr'><strong>ipsum</strong></span> 
     </span>
     <span class='ocr_line' id='line_1_22' title="bbox 274 1613 1654 1675; baseline 0.01 -23"><span class='ocrx_word' id='word_1_174' title='bbox 274 1613 490 1666; x_wconf 80' lang='lat' dir='ltr'><strong>Moylium,</strong></span> <span class='ocrx_word' id='word_1_175' title='bbox 529 1624 571 1655; x_wconf 84' lang='lat' dir='ltr'><strong>ut</strong></span> <span class='ocrx_word' id='word_1_176' title='bbox 606 1625 685 1656; x_wconf 84' lang='lat' dir='ltr'><strong>erat</strong></span> <span class='ocrx_word' id='word_1_177' title='bbox 723 1620 781 1657; x_wconf 90' lang='lat' dir='ltr'><strong>vir</strong></span> <span class='ocrx_word' id='word_1_178' title='bbox 809 1620 849 1656; x_wconf 91' lang='grc'><strong>111</strong></span> <span class='ocrx_word' id='word_1_179' title='bbox 878 1634 1023 1659; x_wconf 86' lang='lat' dir='ltr'><strong>summa</strong></span> <span class='ocrx_word' id='word_1_180' title='bbox 1064 1622 1230 1661; x_wconf 88' lang='lat' dir='ltr'><strong>doctrina</strong></span> <span class='ocrx_word' id='word_1_181' title='bbox 1267 1625 1577 1675; x_wconf 79' lang='lat' dir='ltr'><strong>candidissimus,</strong></span> <span class='ocrx_word' id='word_1_182' title='bbox 1620 1631 1654 1667; x_wconf 89' lang='lat' dir='ltr'><strong>si</strong></span> 
     </span>
     <span class='ocr_line' id='line_1_23' title="bbox 274 1684 1654 1743; baseline 0.011 -23"><span class='ocrx_word' id='word_1_183' title='bbox 274 1684 422 1721; x_wconf 80' lang='lat' dir='ltr'><strong>viveret</strong></span> <span class='ocrx_word' id='word_1_184' title='bbox 457 1698 500 1721; x_wconf 87' lang='lat' dir='ltr'><strong>ac</strong></span> <span class='ocrx_word' id='word_1_185' title='bbox 541 1685 712 1734; x_wconf 79' lang='lat' dir='ltr'><strong>legeret,</strong></span> <span class='ocrx_word' id='word_1_186' title='bbox 751 1700 847 1733; x_wconf 82' lang='lat' dir='ltr'><strong>quae</strong></span> <span class='ocrx_word' id='word_1_187' title='bbox 877 1690 953 1735; x_wconf 87' lang='lat' dir='ltr'><strong>jam</strong></span> <span class='ocrx_word' id='word_1_188' title='bbox 981 1703 1093 1736; x_wconf 88' lang='lat' dir='ltr'><strong>porro</strong></span> <span class='ocrx_word' id='word_1_189' title='bbox 1123 1691 1320 1743; x_wconf 86' lang='lat' dir='ltr'><strong>dabimus,</strong></span> <span class='ocrx_word' id='word_1_190' title='bbox 1363 1706 1431 1732; x_wconf 85' lang='lat' dir='ltr'><strong>sua</strong></span> <span class='ocrx_word' id='word_1_191' title='bbox 1471 1697 1654 1735; x_wconf 85' lang='lat' dir='ltr'><strong>sententia</strong></span> 
     </span>
     <span class='ocr_line' id='line_1_24' title="bbox 273 1751 1076 1795; baseline 0.007 -7"><span class='ocrx_word' id='word_1_192' title='bbox 273 1751 406 1789; x_wconf 87' lang='lat' dir='ltr'><strong>relicta</strong></span> <span class='ocrx_word' id='word_1_193' title='bbox 436 1751 482 1788; x_wconf 85' lang='lat' dir='ltr'><strong>ad</strong></span> <span class='ocrx_word' id='word_1_194' title='bbox 512 1758 676 1789; x_wconf 88' lang='lat' dir='ltr'><strong>nostram</strong></span> <span class='ocrx_word' id='word_1_195' title='bbox 705 1755 948 1792; x_wconf 86' lang='lat' dir='ltr'><strong>transiturum</strong></span> <span class='ocrx_word' id='word_1_196' title='bbox 979 1769 1076 1795; x_wconf 84' lang='lat' dir='ltr'><strong>esse.</strong></span> 
     </span>
    </p>

    <p class='ocr_par' dir='ltr' id='par_1_3' title="bbox 274 1816 1653 2214">
     <span class='ocr_line' id='line_1_25' title="bbox 358 1816 1653 1876; baseline 0.008 -21"><span class='ocrx_word' id='word_1_197' title='bbox 358 1816 565 1857; x_wconf 88' lang='lat' dir='ltr'><strong>XXVIII.</strong></span> <span class='ocrx_word' id='word_1_198' title='bbox 607 1818 769 1858; x_wconf 85' lang='lat' dir='ltr'><strong>Occasio</strong></span> <span class='ocrx_word' id='word_1_199' title='bbox 806 1820 912 1859; x_wconf 83' lang='lat' dir='ltr'><strong>illius</strong></span> <span class='ocrx_word' id='word_1_200' title='bbox 954 1824 1062 1861; x_wconf 89' lang='lat' dir='ltr'><strong>nobis</strong></span> <span class='ocrx_word' id='word_1_201' title='bbox 1096 1824 1192 1873; x_wconf 88' lang='lat' dir='ltr'><strong>fuit,</strong></span> <span class='ocrx_word' id='word_1_202' title='bbox 1239 1825 1416 1874; x_wconf 87' lang='lat' dir='ltr'><strong>idemque</strong></span> <span class='ocrx_word' id='word_1_203' title='bbox 1455 1841 1653 1876; x_wconf 76' lang='lat' dir='ltr'><strong>arg-umen-</strong></span> 
     </span>
     <span class='ocr_line' id='line_1_26' title="bbox 274 1884 1652 1942; baseline 0.01 -22"><span class='ocrx_word' id='word_1_204' title='bbox 274 1890 381 1935; x_wconf 84' lang='lat' dir='ltr'><strong>tum,</strong></span> <span class='ocrx_word' id='word_1_205' title='bbox 419 1891 461 1922; x_wconf 89' lang='lat' dir='ltr'><strong>ut</strong></span> <span class='ocrx_word' id='word_1_206' title='bbox 502 1884 592 1923; x_wconf 79' lang='lat' dir='ltr'><strong>mihi</strong></span> <span class='ocrx_word' id='word_1_207' title='bbox 631 1886 808 1937; x_wconf 69' lang='lat' dir='ltr'><strong>videtur,</strong></span> <span class='ocrx_word' id='word_1_208' title='bbox 850 1889 1004 1927; x_wconf 87' lang='lat' dir='ltr'><strong>minime</strong></span> <span class='ocrx_word' id='word_1_209' title='bbox 1042 1891 1256 1940; x_wconf 88' lang='lat' dir='ltr'><strong>infirmnm,</strong></span> <span class='ocrx_word' id='word_1_210' title='bbox 1296 1894 1426 1942; x_wconf 86' lang='lat' dir='ltr'><strong>locus,</strong></span> <span class='ocrx_word' id='word_1_211' title='bbox 1477 1895 1542 1932; x_wconf 88' lang='lat' dir='ltr'><strong>ubi</strong></span> <span class='ocrx_word' id='word_1_212' title='bbox 1580 1894 1652 1934; x_wconf 84' lang='lat' dir='ltr'><strong>hoc</strong></span> 
     </span>
     <span class='ocr_line' id='line_1_27' title="bbox 275 1951 1652 2010; baseline 0.008 -21"><span class='ocrx_word' id='word_1_213' title='bbox 275 1953 507 2001; x_wconf 86' lang='lat' dir='ltr'><strong>colloquium</strong></span> <span class='ocrx_word' id='word_1_214' title='bbox 535 1951 688 2003; x_wconf 85' lang='lat' dir='ltr'><strong>haberi,</strong></span> <span class='ocrx_word' id='word_1_215' title='bbox 719 1968 849 2003; x_wconf 83' lang='lat' dir='ltr'><strong>scena,</strong></span> <span class='ocrx_word' id='word_1_216' title='bbox 890 1957 929 1993; x_wconf 88' lang='grc'><strong>111</strong></span> <span class='ocrx_word' id='word_1_217' title='bbox 957 1971 1029 2005; x_wconf 85' lang='lat' dir='ltr'><strong>qua</strong></span> <span class='ocrx_word' id='word_1_218' title='bbox 1057 1957 1150 1997; x_wconf 82' lang='lat' dir='ltr'><strong>haec</strong></span> <span class='ocrx_word' id='word_1_219' title='bbox 1177 1961 1281 1997; x_wconf 85' lang='lat' dir='ltr'><strong>velut</strong></span> <span class='ocrx_word' id='word_1_220' title='bbox 1316 1960 1443 1998; x_wconf 80' lang='lat' dir='ltr'><strong>fabula</strong></span> <span class='ocrx_word' id='word_1_221' title='bbox 1487 1962 1548 2010; x_wconf 82' lang='lat' dir='ltr'><strong>agi</strong></span> <span class='ocrx_word' id='word_1_222' title='bbox 1580 1962 1652 2000; x_wconf 90' lang='lat' dir='ltr'><strong>fin·</strong></span> 
     </span>
     <span class='ocr_line' id='line_1_28' title="bbox 274 2019 1652 2076; baseline 0.007 -20"><span class='ocrx_word' id='word_1_223' title='bbox 274 2020 388 2068; x_wconf 82' lang='lat' dir='ltr'><strong>gitur.</strong></span> <span class='ocrx_word' id='word_1_224' title='bbox 447 2019 559 2059; x_wconf 89' lang='lat' dir='ltr'><strong>Hunc</strong></span> <span class='ocrx_word' id='word_1_225' title='bbox 586 2020 736 2071; x_wconf 88' lang='grc'><strong>10011111,</strong></span> <span class='ocrx_word' id='word_1_226' title='bbox 766 2021 862 2060; x_wconf 86' lang='lat' dir='ltr'><strong>hanc</strong></span> <span class='ocrx_word' id='word_1_227' title='bbox 888 2037 1037 2062; x_wconf 88' lang='lat' dir='ltr'><strong>scenam</strong></span> <span class='ocrx_word' id='word_1_228' title='bbox 1067 2023 1438 2076; x_wconf 82' lang='lat' dir='ltr'><strong>Constantinopolin,</strong></span> <span class='ocrx_word' id='word_1_229' title='bbox 1469 2025 1652 2066; x_wconf 83' lang='lat' dir='ltr'><strong>Christia-</strong></span> 
     </span>
     <span class='ocr_line' id='line_1_29' title="bbox 275 2083 1650 2145; baseline 0.008 -22"><span class='ocrx_word' id='word_1_230' title='bbox 275 2099 409 2125; x_wconf 87' lang='lat' dir='ltr'><strong>norum</strong></span> <span class='ocrx_word' id='word_1_231' title='bbox 437 2085 562 2139; x_wconf 72' lang='grc' dir='ltr'><strong>μὲγαν</strong></span> <span class='ocrx_word' id='word_1_232' title='bbox 591 2083 699 2126; x_wconf 71' lang='grc' dir='ltr'><em>οἶκον</em></span> <span class='ocrx_word' id='word_1_233' title='bbox 731 2084 928 2139; x_wconf 72' lang='grc' dir='ltr'><strong>ἀνάκτων,</strong></span> <span class='ocrx_word' id='word_1_234' title='bbox 959 2099 1000 2128; x_wconf 94' lang='lat' dir='ltr'><strong>ut</strong></span> <span class='ocrx_word' id='word_1_235' title='bbox 1026 2093 1098 2130; x_wconf 88' lang='lat' dir='ltr'><strong>ille</strong></span> <span class='ocrx_word' id='word_1_236' title='bbox 1127 2094 1240 2144; x_wconf 70' lang='lat' dir='ltr'><strong>aitc),</strong></span> <span class='ocrx_word' id='word_1_237' title='bbox 1269 2095 1387 2133; x_wconf 88' lang='lat' dir='ltr'><strong>fnisse</strong></span> <span class='ocrx_word' id='word_1_238' title='bbox 1415 2097 1468 2132; x_wconf 88' lang='lat' dir='ltr'><strong>ita</strong></span> <span class='ocrx_word' id='word_1_239' title='bbox 1498 2096 1650 2145; x_wconf 79' lang='lat' dir='ltr'><strong>colligo.</strong></span> 
     </span>
     <span class='ocr_line' id='line_1_30' title="bbox 275 2151 1650 2214; baseline 0.004 -18"><span class='ocrx_word' id='word_1_240' title='bbox 275 2151 356 2197; x_wconf 76' lang='lat' dir='ltr'><strong>Sub</strong></span> <span class='ocrx_word' id='word_1_241' title='bbox 383 2156 534 2205; x_wconf 82' lang='lat' dir='ltr'><strong>initium</strong></span> <span class='ocrx_word' id='word_1_242' title='bbox 563 2155 718 2208; x_wconf 80' lang='lat' dir='ltr'><strong>dialogi,</strong></span> <span class='ocrx_word' id='word_1_243' title='bbox 749 2170 780 2197; x_wconf 84' lang='lat' dir='ltr'><strong>c.</strong></span> <span class='ocrx_word' id='word_1_244' title='bbox 814 2160 854 2197; x_wconf 89' lang='lat'><strong>4.</strong></span> <span class='ocrx_word' id='word_1_245' title='bbox 887 2157 978 2197; x_wconf 85' lang='lat' dir='ltr'><strong>haec</strong></span> <span class='ocrx_word' id='word_1_246' title='bbox 999 2158 1241 2209; x_wconf 85' lang='lat' dir='ltr'><strong>Triephontis</strong></span> <span class='ocrx_word' id='word_1_247' title='bbox 1269 2163 1383 2203; x_wconf 83' lang='lat' dir='ltr'><strong>verba</strong></span> <span class='ocrx_word' id='word_1_248' title='bbox 1406 2163 1523 2201; x_wconf 83' lang='lat' dir='ltr'><strong>relata</strong></span> <span class='ocrx_word' id='word_1_249' title='bbox 1548 2170 1650 2214; x_wconf 90' lang='lat' dir='ltr'><strong>sunt,</strong></span> 
     </span>
    </p>
   </div>
   <div class='ocr_carea' id='block_1_3' title="bbox 317 2295 1650 2633">
    <p class='ocr_par' dir='ltr' id='par_1_4' title="bbox 319 2295 1650 2402">
     <span class='ocr_line' id='line_1_31' title="bbox 319 2295 1650 2350; baseline 0.009 -20"><span class='ocrx_word' id='word_1_250' title='bbox 319 2295 362 2340; x_wconf 70' lang='lat' dir='ltr'><strong>a)</strong></span> <span class='ocrx_word' id='word_1_251' title='bbox 386 2296 562 2332; x_wconf 70' lang='lat' dir='ltr'><strong>Luceant.</strong></span> <span class='ocrx_word' id='word_1_252' title='bbox 595 2299 638 2332; x_wconf 89' lang='lat' dir='ltr'><strong>de</strong></span> <span class='ocrx_word' id='word_1_253' title='bbox 672 2300 778 2334; x_wconf 78' lang='lat' dir='ltr'><strong>Mort.</strong></span> <span class='ocrx_word' id='word_1_254' title='bbox 814 2301 907 2334; x_wconf 86' lang='lat' dir='ltr'><strong>Pers.</strong></span> <span class='ocrx_word' id='word_1_255' title='bbox 940 2315 969 2335; x_wconf 90' lang='lat' dir='ltr'><strong>c.</strong></span> <span class='ocrx_word' id='word_1_256' title='bbox 1001 2303 1056 2343; x_wconf 89' lang='lat'><strong>18,</strong></span> <span class='ocrx_word' id='word_1_257' title='bbox 1089 2306 1146 2346; x_wconf 87' lang='lat' dir='ltr'><strong>qui</strong></span> <span class='ocrx_word' id='word_1_258' title='bbox 1179 2308 1281 2339; x_wconf 81' lang='lat' dir='ltr'><strong>etiam</strong></span> <span class='ocrx_word' id='word_1_259' title='bbox 1313 2309 1438 2350; x_wconf 80' lang='lat' dir='ltr'><strong>passim</strong></span> <span class='ocrx_word' id='word_1_260' title='bbox 1468 2315 1585 2340; x_wconf 79' lang='lat' dir='ltr'><strong>senem</strong></span> <span class='ocrx_word' id='word_1_261' title='bbox 1617 2316 1650 2342; x_wconf 80' lang='lat' dir='ltr'><strong>et</strong></span> 
     </span>
     <span class='ocr_line' id='line_1_32' title="bbox 364 2353 1117 2402; baseline 0.008 -17"><span class='ocrx_word' id='word_1_262' title='bbox 364 2353 539 2387; x_wconf 74' lang='lat' dir='ltr'><strong>seniorem</strong></span> <span class='ocrx_word' id='word_1_263' title='bbox 562 2357 649 2389; x_wconf 79' lang='lat' dir='ltr'><strong>eirca</strong></span> <span class='ocrx_word' id='word_1_264' title='bbox 676 2356 758 2393; x_wconf 67' lang='lat' dir='ltr'><strong>haee</strong></span> <span class='ocrx_word' id='word_1_265' title='bbox 784 2366 937 2402; x_wconf 71' lang='lat' dir='ltr'><strong>tempora</strong></span> <span class='ocrx_word' id='word_1_266' title='bbox 960 2362 1117 2402; x_wconf 82' lang='lat' dir='ltr'><strong>appellat.</strong></span> 
     </span>
    </p>

    <p class='ocr_par' dir='ltr' id='par_1_5' title="bbox 317 2408 1648 2633">
     <span class='ocr_line' id='line_1_33' title="bbox 317 2408 1648 2457; baseline 0.008 -15"><span class='ocrx_word' id='word_1_267' title='bbox 317 2408 366 2453; x_wconf 70' lang='lat' dir='ltr'><strong>b&gt;</strong></span> <span class='ocrx_word' id='word_1_268' title='bbox 392 2412 437 2446; x_wconf 79' lang='lat' dir='ltr'><strong>V,</strong></span> <span class='ocrx_word' id='word_1_269' title='bbox 464 2410 508 2444; x_wconf 83' lang='lat' dir='ltr'><strong>G.</strong></span> <span class='ocrx_word' id='word_1_270' title='bbox 537 2412 630 2454; x_wconf 87' lang='lat' dir='ltr'><strong>quod</strong></span> <span class='ocrx_word' id='word_1_271' title='bbox 653 2412 742 2455; x_wconf 85' lang='lat' dir='ltr'><strong>apud</strong></span> <span class='ocrx_word' id='word_1_272' title='bbox 766 2415 957 2457; x_wconf 85' lang='lat' dir='ltr'><strong>Vopiscum</strong></span> <span class='ocrx_word' id='word_1_273' title='bbox 982 2416 1185 2450; x_wconf 72' lang='lat' dir='ltr'><strong>Numeriam</strong></span> <span class='ocrx_word' id='word_1_274' title='bbox 1209 2428 1238 2449; x_wconf 88' lang='grc'><strong>0.</strong></span> <span class='ocrx_word' id='word_1_275' title='bbox 1264 2417 1319 2450; x_wconf 82' lang='lat'><strong>14.</strong></span> <span class='ocrx_word' id='word_1_276' title='bbox 1345 2421 1489 2452; x_wconf 81' lang='lat' dir='ltr'><strong>miratur</strong></span> <span class='ocrx_word' id='word_1_277' title='bbox 1504 2420 1648 2452; x_wconf 87' lang='lat' dir='ltr'><strong>Diocle-</strong></span> 
     </span>
     <span class='ocr_line' id='line_1_34' title="bbox 363 2465 1647 2519; baseline 0.009 -21"><span class='ocrx_word' id='word_1_278' title='bbox 363 2467 490 2506; x_wconf 81' lang='lat' dir='ltr'><strong>tianus,</strong></span> <span class='ocrx_word' id='word_1_279' title='bbox 515 2466 588 2509; x_wconf 81' lang='lat' dir='ltr'><strong>jam</strong></span> <span class='ocrx_word' id='word_1_280' title='bbox 610 2479 649 2500; x_wconf 82' lang='lat' dir='ltr'><strong>eo</strong></span> <span class='ocrx_word' id='word_1_281' title='bbox 674 2476 839 2512; x_wconf 81' lang='lat' dir='ltr'><strong>tempore,</strong></span> <span class='ocrx_word' id='word_1_282' title='bbox 863 2484 931 2513; x_wconf 89' lang='lat' dir='ltr'><strong>quo</strong></span> <span class='ocrx_word' id='word_1_283' title='bbox 950 2471 1156 2507; x_wconf 84' lang='lat' dir='ltr'><strong>Aurelianus</strong></span> <span class='ocrx_word' id='word_1_284' title='bbox 1179 2465 1424 2517; x_wconf 75' lang='lat' dir='ltr'><strong>adipiscebatur</strong></span> <span class='ocrx_word' id='word_1_285' title='bbox 1448 2477 1647 2519; x_wconf 84' lang='lat' dir='ltr'><strong>imperium,</strong></span> 
     </span>
     <span class='ocr_line' id='line_1_35' title="bbox 361 2522 1647 2573; baseline 0.009 -18"><span class='ocrx_word' id='word_1_286' title='bbox 361 2524 385 2555; x_wconf 83' lang='lat' dir='ltr'><strong>i.</strong></span> <span class='ocrx_word' id='word_1_287' title='bbox 412 2535 441 2554; x_wconf 87' lang='grc'><strong>6.</strong></span> <span class='ocrx_word' id='word_1_288' title='bbox 466 2522 511 2555; x_wconf 87' lang='grc' dir='ltr'><strong>Α.</strong></span> <span class='ocrx_word' id='word_1_289' title='bbox 538 2534 670 2560; x_wconf 65' lang='lat' dir='ltr'><strong>ccnxx,</strong></span> <span class='ocrx_word' id='word_1_290' title='bbox 705 2537 740 2556; x_wconf 82' lang='lat' dir='ltr'><strong>se</strong></span> <span class='ocrx_word' id='word_1_291' title='bbox 776 2535 851 2567; x_wconf 84' lang='lat' dir='ltr'><strong>post</strong></span> <span class='ocrx_word' id='word_1_292' title='bbox 886 2530 1017 2560; x_wconf 69' lang='lat' dir='ltr'><strong>multos</strong></span> <span class='ocrx_word' id='word_1_293' title='bbox 1045 2541 1062 2560; x_wconf 85' lang='lat' dir='ltr'><strong>a</strong></span> <span class='ocrx_word' id='word_1_294' title='bbox 1088 2540 1121 2560; x_wconf 81' lang='lat' dir='ltr'><strong>se</strong></span> <span class='ocrx_word' id='word_1_295' title='bbox 1144 2542 1240 2573; x_wconf 84' lang='lat' dir='ltr'><strong>apros</strong></span> <span class='ocrx_word' id='word_1_296' title='bbox 1264 2533 1459 2565; x_wconf 78' lang='lat' dir='ltr'><strong>interfectos</strong></span> <span class='ocrx_word' id='word_1_297' title='bbox 1489 2533 1647 2565; x_wconf 81' lang='lat' dir='ltr'><strong>nondum</strong></span> 
     </span>
     <span class='ocr_line' id='line_1_36' title="bbox 367 2580 1644 2633; baseline 0.011 -25"><span class='ocrx_word' id='word_1_298' title='bbox 367 2588 590 2612; x_wconf 79' lang='lat' dir='ltr'><strong>consecutum</strong></span> <span class='ocrx_word' id='word_1_299' title='bbox 614 2590 683 2611; x_wconf 70' lang='lat' dir='ltr'><strong>esse</strong></span> <span class='ocrx_word' id='word_1_300' title='bbox 710 2580 919 2622; x_wconf 74' lang='lat' dir='ltr'><strong>promissum</strong></span> <span class='ocrx_word' id='word_1_301' title='bbox 937 2584 1001 2621; x_wconf 60' lang='lat' dir='ltr'><strong>,sibi</strong></span> <span class='ocrx_word' id='word_1_302' title='bbox 1018 2585 1171 2619; x_wconf 83' lang='lat' dir='ltr'><strong>Druidae</strong></span> <span class='ocrx_word' id='word_1_303' title='bbox 1196 2589 1354 2622; x_wconf 60' lang='lat' dir='ltr'><strong>vaticinio</strong></span> <span class='ocrx_word' id='word_1_304' title='bbox 1379 2590 1565 2633; x_wconf 80' lang='lat' dir='ltr'><strong>imperium</strong></span> <span class='ocrx_word' id='word_1_305' title='bbox 1582 2596 1644 2622; x_wconf 81' lang='lat' dir='ltr'><strong>etc·</strong></span> 
     </span>
    </p>
   </div>
   <div class='ocr_carea' id='block_1_4' title="bbox 320 2630 881 2680">
    <p class='ocr_par' dir='ltr' id='par_1_6' title="bbox 320 2630 881 2680">
     <span class='ocr_line' id='line_1_37' title="bbox 320 2630 881 2680; baseline 0.012 -15"><span class='ocrx_word' id='word_1_306' title='bbox 320 2630 364 2675; x_wconf 73' lang='lat' dir='ltr'><strong>e)</strong></span> <span class='ocrx_word' id='word_1_307' title='bbox 392 2631 551 2678; x_wconf 80' lang='lat' dir='ltr'><strong>Dionys.</strong></span> <span class='ocrx_word' id='word_1_308' title='bbox 577 2634 718 2680; x_wconf 67' lang='lat' dir='ltr'><strong>Perteg.</strong></span> <span class='ocrx_word' id='word_1_309' title='bbox 744 2650 776 2671; x_wconf 75' lang='lat' dir='ltr'><strong>v.</strong></span> <span class='ocrx_word' id='word_1_310' title='bbox 802 2639 881 2672; x_wconf 81' lang='lat'><strong>355.</strong></span> 
     </span>
    </p>
   </div>
   <div class='ocr_carea' id='block_1_5' title="bbox 1734 0 1740 624">
    <p class='ocr_par' dir='ltr' id='par_1_7' title="bbox 1734 0 1740 624">
     <span class='ocr_line' id='line_1_38' title="bbox 1734 0 1740 624; baseline 0 0"><span class='ocrx_word' id='word_1_311' title='bbox 1734 0 1740 624; x_wconf 95' lang='lat' dir='ltr'><strong> </strong></span> 
     </span>
    </p>
   </div>
  </div>
 </body>
</html>
