1740 3095
309 151 403 196 354
607 157 1375 195 ADNo'rA'rloNEs

309 286 388 325 τεῒν
427 279 627 333 ἒὸώκουν,
666 276 940 327 ἀποθανόντες
973 276 1041 329 δὲ,
1083 276 1184 318 πολὺ
1215 275 1325 333 παρὰ
1352 275 1424 330 τὴν
1452 273 1575 324 δόξαν
1604 275 1676 330 τὴν

308 347 502 402 ὑμετέραν
541 345 683 401 ἐφάνη.
742 347 842 386 Ibid.
872 363 912 397 p.
944 350 1040 386 349.
1079 346 1261 393 Καλλίας
1295 345 1427 385 τοίνυν
1458 340 1678 383 ὃἾππονί-

311 433 383 457 κου
426 438 473 445 --
518 411 605 456 τότε
644 411 788 453 τούτου
828 413 960 453 τοίνυν
1000 411 1146 464 τίμημ’
1188 411 1280 453 οὐδὲ
1319 413 1429 452 &vasu
1468 407 1680 450 ταλάντοιν

312 481 407 524 ἐστι’.
457 483 621 530 Duoque
649 483 722 520 alia
751 483 792 519 in
819 480 947 520 Indice
982 482 1225 532 Tayloriano
1252 495 1288 520 v.
1321 481 1560 518 Nominativz'
1581 493 1680 527 pen·
1717 469 1722 474 ’

311 551 450 590 dentis.
508 548 625 588 Adde
653 549 768 587 Kust.
806 549 853 587 ad
881 547 1088 597 Aristoph.
1119 547 1220 587 Plut.
1256 561 1294 587 V.
1327 552 1421 587 277.
1462 548 1529 598 ubi
1557 543 1681 595 λαχὸν

311 615 358 658 τὸ
404 613 594 670 γράμμα,
641 631 711 665 pro
759 610 952 666 λαχόντος
999 617 1093 653 bene
1140 616 1269 653 multis
1309 615 1495 662 exemplis
1534 614 1681 662 probat,

311 684 528 733 Atticisque
555 685 747 732 proprium
776 683 905 733 docet3
940 696 1009 720 nec
1035 696 1111 720 non
1139 680 1295 730 Spank.
1324 682 1370 719 ad
1399 681 1557 719 eundem
1581 693 1681 733 vers.

313 768 357 793 ac
392 749 573 802 Thucyd.
602 749 650 798 I,
691 755 729 789 2.
759 765 797 799 p.
829 755 867 789 3.
909 764 993 788 cum
1033 756 1120 787 uota
1148 748 1332 787 Hudson.
1391 747 1440 785 Et
1465 745 1614 785 Duker.
1643 748 1683 784 in

313 819 466 869 Indice,
495 821 552 857 tit.
584 818 781 856 Nominat.
811 817 930 856 absol.
961 816 1231 855 Maittccz‘rium
1258 817 1305 854 de
1332 815 1512 853 Dialectt.
1542 828 1580 862 p.
1613 818 1680 852 82.

319 887 488 926 Gronov.
537 886 584 924 ad.
620 884 726 926 Arr.
766 884 866 934 Exp.
906 883 1029 924 Alex.
1067 898 1153 933 pag.
1195 886 1262 924 58.
1305 881 1436 921 Clark.
1475 881 1524 919 ad
1560 880 1682 919 Hom.

315 953 428 994 ffiad.
464 952 526 1001 B,
567 957 661 992 681.
700 959 739 990 et
774 950 835 1000 Z,
878 954 974 990 410.
1032 950 1083 988 Et
1110 950 1243 989 Schol.
1284 950 1330 988 ad
1359 947 1545 999 Aeschyl.
1576 947 1683 986 Pers.

316 1036 353 1062 v.
386 1026 480 1061 123.
510 1034 623 1069 quem
648 1033 731 1057 cum
759 1019 953 1057 salmasio
981 1018 1029 1056 de
1056 1019 1166 1056 modo
1193 1017 1306 1056 Usur.
1332 1032 1371 1066 p.
1400 1019 1506 1064 715,
1537 1015 1686 1063 adlegat

317 1086 509 1129 Abresclz.
555 1089 594 1124 in
631 1084 835 1124 Animadv.
876 1086 923 1123 ad
962 1084 1148 1135 Aeschyl.
1187 1100 1225 1133 p.
1269 1090 1364 1123 170.
1430 1082 1683 1131 videbisque,

318 1158 358 1195 in
393 1156 515 1204 poe‘tis
545 1160 646 1191 certe
673 1154 797 1190 locum
826 1166 900 1190 non
929 1166 1012 1190 esse
1038 1154 1257 1200 mutationi,
1298 1164 1366 1188 nec
1395 1150 1487 1188 adeo
1516 1151 1554 1186 in
1583 1150 1684 1197 aliis,

318 1228 471 1273 propter
507 1222 665 1268 copiam.
701 1218 849 1258 REITz.
906 1217 990 1255 Etsi
1017 1217 1109 1256 haec
1136 1218 1394 1266 exemplorum
1419 1224 1456 1255 et
1484 1217 1686 1255 auctorita-

319 1297 399 1329 tum
436 1289 628 1337 congeries
658 1306 712 1314 -
746 1289 897 1335 copiam
934 1286 1034 1323 enim
1067 1299 1141 1323 non
1177 1287 1258 1323 sine
1296 1286 1433 1332 injuria
1459 1284 1601 1322 dixeris
1630 1303 1686 1311 —-

319 1357 426 1395 nullo
462 1368 579 1403 prope
614 1355 663 1392 sit
701 1367 795 1402 usu,
837 1353 1067 1390 laudandum
1107 1359 1206 1390 certe
1243 1358 1281 1389 et
1322 1351 1553 1398 sequendum
1593 1349 1687 1387 duxi

320 1424 630 1470 circumspectum
653 1419 800 1458 Reitzr'z‘
826 1420 1021 1469 judicium.
1078 1419 1174 1457 Nam
1202 1432 1298 1466 quae
1328 1418 1532 1455 offeruntur
1559 1419 1686 1455 variae

321 1491 522 1539 lectiones,
556 1491 638 1537 ejus
666 1489 815 1537 generis
844 1495 949 1537 sunt,
989 1493 1031 1525 ut
1059 1488 1308 1535 suspicionem
1335 1499 1578 1534 unaquaeque
1606 1499 1687 1523 mo-

321 1563 406 1597 veat
444 1557 594 1605 spuriae
633 1557 803 1604 originis.
869 1554 1109 1607 Quapropter
1150 1561 1189 1592 et
1225 1567 1296 1602 ego
1336 1566 1421 1590 cum
1457 1551 1612 1590 Reitzio
1651 1558 1688 1590 et

322 1629 476 1662 recentt.
519 1636 588 1660 nec
624 1636 697 1660 nou
736 1636 821 1660 clun
845 1620 1104 1660 Boissomcdio
1143 1621 1192 1659 ad
1219 1619 1404 1658 Philostr.
1445 1634 1483 1669 p.
1515 1625 1610 1659 373.
1647 1620 1689 1657 in

323 1691 475 1739 vulgata
491 1717 503 1739 ‚
532 1691 620 1727 licet
648 1690 739 1738 illa,
775 1695 817 1727 ut
843 1688 905 1726 hic
932 1690 1010 1738 ait,
1048 1690 1097 1727 sit
1125 1682 1418 1739 σολοικοφανής
1445 1687 1688 1725 constructio-

323 1759 458 1806 uisque
487 1757 615 1805 paullo
644 1756 828 1804 durioris,
858 1755 1166 1803 acquiescendum
1194 1755 1380 1803 putabam.
1438 1753 1579 1792 LEHM.

408 1822 504 1861 ibid.
548 1818 694 1860 Πολὺ
739 1818 891 1860 πλέον
929 1816 1302 1871 ἐπιθυμοῦντά
1341 1834 1393 1859 σε
1427 1820 1619 1868 εἰπεῖν,
1661 1815 1687 1871 ἢ

327 1888 413 1940 ἐμὲ
441 1887 692 1934 ἀκοῦσαι]
725 1884 840 1926 Πολὺ
871 1885 988 1926 πλέον
1017 1887 1224 1937 ἐπιθυμεῖν
1253 1884 1302 1926 τὰ
1331 1887 1396 1925 καὶ
1426 1887 1542 1926 εἰπεῖν
1569 1883 1593 1938 ἢ
1622 1885 1686 1937 ἐμ.

327 1954 392 1997 ἇκ.
455 1958 660 1995 Terentius
686 1954 862 2004 Hecyra:
915 1955 1039 2009 Quasi
1064 1970 1140 1993 non
1168 1965 1210 1992 tu
1237 1956 1354 1993 multo
1380 1955 1493 1992 malis
1519 1969 1689 1993 narrare

326 2024 396 2064 lzoc
430 2023 542 2071 mihi,
585 2037 699 2075 quam
736 2037 830 2071 ego,
871 2038 968 2074 quae
1003 2032 1233 2071 percontor,
1273 2025 1372 2060 scire
1400 2030 1469 2060 etc.
1500 2017 1714 2060 Maca(

328 2090 374 2130 Si
401 2092 601 2139 explicatio
631 2097 711 2139 est,
748 2091 868 2128 bene:
898 2091 930 2127 si
959 2090 1191 2136 emendatio,
1232 2090 1353 2138 male3
1401 2103 1487 2126 nam
1515 2091 1685 2138 particip.

327 2158 389 2197 hic
436 2158 556 2207 idem,
602 2157 700 2205 quod
740 2156 915 2194 infinitiv.
958 2155 1095 2194 Solcm.
1133 2156 1311 2204 adscrips.
1350 2155 1517 2193 Mar-cil.
1558 2157 1687 2205 legere

328 2224 536 2274 ἐπιθυμῶν
564 2220 615 2262 τὰ
645 2221 707 2260 δέ·
748 2223 848 2271 quod
875 2222 972 2261 unde
1000 2222 1146 2271 habeat,
1175 2224 1312 2261 nescio.
1351 2221 1496 2260 Rmrz.
1531 2221 1687 2261 Rectius

328 2291 542 2330 Mamilius
579 2291 684 2328 illam
719 2291 993 2328 Terentianum
1032 2291 1231 2328 formulam
1269 2288 1383 2337 (Hec.
1422 2288 1442 2327 Ι
1451 2318 1463 2338 ‚
1507 2295 1556 2338 2,
1599 2291 1686 2337 35.)

328 2360 495 2409 confert,
533 2371 645 2406 quam
682 2356 961 2395 Boissonccdius
994 2358 1076 2395 loca
1113 2357 1279 2395 Homeri
1306 2355 1354 2394 Il.
1383 2355 1510 2406 XIX,
1551 2362 1618 2396 81.
1649 2363 1686 2394 et
1726 2363 1736 2366 “

333 2427 449 2482 Virg.
478 2424 583 2464 Aen.
621 2422 662 2473 I,
702 2427 820 2474 408„
857 2425 897 2461 iu
935 2425 1070 2473 quibus
1105 2423 1199 2461 nihil
1228 2426 1347 2473 inest,
1390 2423 1490 2472 quod
1517 2422 1686 2471 ejusdem

327 2495 530 2532 sententiae
568 2505 642 2529 uon
679 2491 792 2529 modo
830 2492 930 2539 vim,
967 2491 1035 2528 sed
1061 2504 1109 2529 ne
1136 2492 1299 2539 speciem
1327 2490 1499 2538 quidem,
1534 2489 1684 2527 referat.

328 2559 504 2598 Ceterum
539 2558 631 2596 haec
668 2556 856 2595 Philonis:
910 2552 1076 2609 Θρύπτῃ
1115 2558 1243 2596 ταῦτα
1280 2563 1349 2595 etc.
1386 2556 1432 2593 ad
1470 2557 1685 2603 exemplmn

328 2627 504 2665 Platonis
551 2624 710 2663 Phaedr.
755 2638 787 2662 c.
836 2627 875 2662 4.
924 2623 1079 2662 Heind.
1127 2637 1308 2673 expressa
1358 2636 1467 2671 esse,
1512 2623 1685 2662 observat
