1740 3095
315 164 410 207 684
695 178 766 208 DE.
804 177 1011 209 AETATE
1050 179 1118 209 ΕΤ
1154 179 1390 212 AUCTORE

313 297 419 348 Quin
447 298 530 346 ipse
558 297 668 335 salsis
696 299 789 346 jocis
818 299 857 336 in
884 297 991 337 Deos
1027 299 1117 338 illos
1153 295 1403 340 ἀποσκώπτει
1419 307 1468 351 ὃ),
1508 310 1551 342 ut
1591 304 1685 344 adeo

311 356 357 393 ab
387 356 441 392 ira
471 356 553 402 ejus
582 354 628 392 ob
657 354 800 392 laesam
829 355 1072 393 ficulneorum
1103 359 1298 395 numinum
1337 361 1569 404 majestatem
1605 376 1685 401 me-

311 419 418 449 tuere
460 412 531 449 sibi
572 418 700 449 auctor
737 411 1006 460 Philopatridis
1043 427 1116 450 nou
1156 415 1338 453 debuerit.
1396 415 1454 456 Ita
1491 416 1684 457 Socratem

310 470 512 517 impietatis
548 469 713 516 postulat
753 468 1050 517 Aristophanes,
1091 470 1236 508 derisor
1274 473 1356 519 ipse
1388 470 1577 522 Deorum,
1620 477 1685 523 qui

310 526 459 573 publice
488 532 566 561 tum
596 526 834 573 colebantur,
862 527 1063 564 maximus.
1122 526 1171 564 Et
1195 531 1378 574 novimus,
1409 528 1480 567 hoc
1499 531 1684 578 profuisse
1731 533 1732 540 ¹

309 584 408 620 vitae
438 579 687 619 Christianam
717 583 967 632 religionem,
1010 590 1050 620 ut
1081 583 1248 622 ethnicos
1278 587 1389 622 etiam
1418 587 1577 633 puderet
1605 590 1685 625 ani-

308 638 403 675 lium
432 639 655 685 fabularum,
687 639 999 687 quemadmodum
1022 637 1196 678 Luthero
1227 648 1264 679 et
1289 642 1444 680 Calvino
1474 645 1592 681 multa
1621 644 1686 682 de-

307 696 396 732 bent
425 702 569 732 remota
597 695 769 733 scandala
798 697 886 734 illae
925 697 1039 734 etiam
1077 698 1283 748 ecclesiae,
1322 712 1418 748 quae
1457 701 1496 737 in
1522 699 1684 738 Romani
1732 730 1733 733 η

306 752 502 791 Pontificis
532 751 671 789 ditione
700 760 931 792 manserunt.

390 807 527 846 XLII.
567 807 708 846 Juliani
744 810 858 858 igitur
895 818 1064 858 tempore
1107 812 1287 860 scriptum
1317 825 1400 850 esse
1430 810 1680 863 Philopatrin,
1733 837 1734 840 =

306 865 433 903 credat
458 866 618 902 sortasse
647 866 755 903 nobis
784 867 950 914 aliquis,
990 868 1063 904 nisi
1089 869 1156 905 ille
1185 868 1306 906 adhuc
1337 879 1551 917 superesset
1578 885 1683 909 scru-

305 923 443 970 pulus,
476 926 540 969 qui
567 922 734 970 factum,
776 930 818 960 ut
847 931 991 961 tantum
1018 925 1176 971 junioris
1205 923 1374 963 Luciano
1404 928 1567 964 auctoris
1597 927 1682 965 dia—

303 979 413 1028 logus
442 980 540 1015 inter
564 979 669 1016 illius
700 993 814 1026 opera
843 986 881 1017 et
910 982 1055 1017 censeri
1085 982 1270 1028 coeperit,
1302 990 1340 1018 et
1368 982 1433 1018 diu
1462 983 1556 1020 adeo
1587 983 1684 1021 deli-

303 1038 445 1073 tuerit?
501 1033 577 1072 Hic
606 1043 753 1082 praeter
782 1049 823 1073 ea
840 1066 849 1082 ,
889 1050 984 1084 quae
1014 1039 1220 1074 communia
1248 1044 1357 1087 sunt,
1398 1045 1435 1076 et
1463 1039 1510 1076 de
1538 1052 1680 1088 suppo-

303 1093 434 1130 siticiis
476 1091 668 1140 quibusvis
711 1099 869 1139 possunt
907 1092 1004 1140 dici,
1045 1093 1217 1140 dictaque
1247 1094 1338 1130 olim
1367 1101 1478 1142 sunt,
1518 1103 1556 1132 et
1592 1095 1680 1134 huic

302 1149 519 1186 satisfacere
560 1148 763 1195 scrupulo,
804 1155 842 1185 et
881 1158 1075 1197 praeterea
1113 1149 1224 1186 valde
1259 1163 1432 1199 mag-nam
1474 1153 1681 1190 sententiae

303 1213 453 1244 nostrae
493 1205 861 1243 verisimilitudinem
899 1207 1099 1243 conciliare
1129 1205 1223 1242 illud
1252 1213 1364 1253 puto,
1409 1207 1511 1254 quod
1536 1206 1680 1246 Juliani

301 1269 471 1311 tempore
511 1263 628 1310 vixit,
682 1263 832 1310 ipsique
884 1264 1026 1300 amicus
1073 1263 1297 1310 Imperatori
1338 1264 1409 1300 fuit
1449 1262 1677 1304 Lucanus

302 1318 519 1358 Sorffls'rA
559 1318 716 1367 aliquis,
760 1318 807 1356 ad
850 1333 962 1367 quem
1001 1326 1122 1357 exstat
1162 1318 1365 1357 hodienum
1399 1321 1535 1368 scripta
1563 1334 1585 1358 a
1611 1319 1680 1359 Ju-

300 1377 402 1414 liano
430 1375 614 1424 epistola,
661 1389 758 1423 quae
796 1377 973 1424 quoniam
1015 1376 1234 1414 brevissima
1264 1383 1345 1424 est,
1396 1383 1433 1414 et
1469 1378 1679 1426 elegantiae

300 1435 423 1472 omnis
453 1433 695 1481 plenissima,
738 1447 812 1470 non
855 1435 1043 1482 ingratum
1086 1433 1217 1471 lectori
1257 1434 1423 1470 facturus
1451 1433 1606 1481 videor,
1644 1435 1678 1473 si

300 1497 415 1529 totam
447 1489 656 1527 adscribam
671 1486 725 1536 ¹³).
783 1486 999 1535 Ἰουλιανὸς
1027 1490 1252 1541 λ’ἴουκιανῷ
1273 1489 1461 1541 σοᾳιστῇ.
1520 1486 1677 1542 Γράφω

300 1546 364 1584 καὶ
394 1543 613 1596 ἀντιτυχεῖν
655 1543 754 1591 ἀξιῶ
791 1547 872 1583 τῶν
902 1543 1019 1592 ἴσων,
1057 1544 1174 1595 εἴ,ὸὲ
1216 1545 1342 1584 ἀδικῶ
1383 1547 1559 1596 συνεχῶς
1585 1545 1676 1585 ἐπι-

299 1601 496 1650 στέλλων,
529 1601 849 1653 ἁνταόικηθῆιάι
880 1601 1021 1652 δέομαι
1054 1603 1134 1641 τῶν
1163 1599 1311 1652 ὁμοίων
1348 1604 1509 1641 παθῶν.
1570 1602 1675 1656 Quid

300 1662 332 1699 si
363 1660 598 1706 dixerimus,
628 1659 673 1696 ab
705 1659 774 1697 hoc
802 1661 982 1708 scriptum
1012 1673 1096 1698 esse
1123 1659 1387 1708 Philopatrin?
1417 1661 1579 1698 nominis
1609 1659 1675 1698 de-

299 1717 386 1755 inde
416 1715 659 1754 similitudine
687 1716 862 1764 deceptos
888 1717 1063 1753 librarios
1092 1719 1130 1754 in
1160 1731 1276 1754 unum
1307 1731 1391 1754 cum
1419 1714 1677 1755 Samosatensi

298 1775 473 1812 volumen
513 1771 775 1821 compegisse?
832 1771 901 1811 Ad
957 1771 1051 1809 haec
1098 1776 1161 1821 qui
1197 1773 1431 1822 Philopatrin
1479 1787 1564 1810 cum
1611 1775 1676 1823 iis,

298 1845 395 1879 quae
422 1829 617 1867 Lucianus
647 1830 816 1877 scripsit,
848 1831 1142 1877 comparaverit,
1172 1829 1407 1867 Lucianeum
1434 1843 1519 1867 esse
1545 1831 1672 1876 illum,

297 1888 338 1925 id
364 1894 443 1934 est,
473 1885 635 1924 Luciani
664 1886 871 1923 imitatione
899 1887 1104 1934 scriptum,
1135 1893 1173 1924 et
1202 1900 1223 1924 e
1251 1887 1376 1924 verbis
1405 1886 1485 1923 fere
1512 1884 1672 1924 Luciani

298 1945 456 1983 senioris
484 1944 590 1980 illius
619 1943 884 1991 compilatum,
929 1955 1050 1990 eoque
1078 1944 1228 1980 nomine
1256 1943 1529 1980 commentariis
1567 1942 1674 1980 illius

297 2002 510 2039 immixtum
539 2001 694 2047 merito,
724 2013 863 2048 negare
891 2000 1058 2047 profecto
1087 2000 1152 2037 vix
1174 1999 1385 2037 sustinebit.
1444 1998 1577 2047 Atque
1602 1997 1674 2037 hoc

297 2064 379 2107 est,
412 2057 458 2094 de
488 2071 585 2105 quo,
615 2063 814 2104 antequam
843 2055 1043 2103 finiamus,
1074 2056 1199 2104 aliqua
1227 2057 1301 2093 sint
1332 2054 1501 2093 dicenda.

382 2112 538 2152 XLIII.
568 2111 784 2161 Nimirum,
824 2113 858 2150 si
893 2114 977 2161 quis
1015 2119 1162 2150 nostras
1203 2113 1458 2150 annotationes
1486 2112 1674 2161 inspicere

295 2171 483 2220 voluerit,
513 2170 582 2208 ille
611 2176 834 2219 cognoscet,
875 2170 1023 2207 nullam
1050 2169 1131 2207 sere
1160 2182 1245 2208 esse
1273 2170 1544 2207 exstantiorem
1583 2181 1674 2207 sen-

383 2313 568 2357 ποιητικῆς
599 2309 752 2355 Μούσης
786 2311 982 2360 ἀθύρματα
1014 2323 1134 2355 vocat,
1172 2326 1259 2358 quae
1294 2313 1337 2346 de
1373 2310 1607 2359 συνδοιασμῷ
1638 2322 1672 2348 et

383 2357 515 2405 γάμοις
541 2363 695 2393 Deorum
719 2361 876 2393 dicantur
907 2360 997 2404 apud
1022 2361 1219 2394 Hommmm.

338 2404 382 2450 a)
409 2409 446 2440 Iu
474 2409 568 2439 illius
593 2406 789 2438 Caesaribus
816 2407 926 2438 Divus
951 2407 1097 2448 Marcus,
1139 2415 1176 2438 ut
1198 2418 1233 2437 se
1260 2406 1419 2438 Deorum
1455 2406 1667 2439 imitatorem

381 2454 523 2497 probet,
561 2453 706 2484 illorum
743 2464 882 2494 corpora
916 2449 977 2491 τῆς
1018 2448 1059 2482 ἐκ
1096 2450 1169 2482 τῶν
1211 2446 1496 2494 ἀναθυμιάσεων
1530 2448 1670 2495 τροφῆς

381 2498 534 2541 indigere
556 2500 683 2535 asserit,
707 2505 740 2528 et
750 2497 846 2528 Jovis
870 2499 1031 2540 exemplo
1058 2496 1116 2536 (11.
1138 2497 1177 2535 E,
1201 2495 1296 2536 897.)
1322 2497 1572 2538 indulgentiam
1590 2506 1668 2547 eiga

379 2541 619 2577 Commodum
645 2552 742 2574 suum
766 2549 890 2573 tuetur.
940 2542 979 2574 In
1005 2544 1070 2574 fine
1105 2540 1208 2585 hujus
1232 2541 1483 2575 commentarii
1523 2547 1668 2586 τρυφην

379 2598 411 2622 et
434 2587 595 2620 ἀσωτίαν
619 2588 705 2619 Deas
729 2588 1004 2619 comminiscitur
1028 2596 1091 2620 etc.

330 2632 369 2673 b)
398 2635 505 2678 Epist.
531 2644 646 2667 xxxxi.
669 2646 701 2674 p.
725 2632 804 2664 404.
831 2632 886 2664 ed.
911 2629 1020 2675 Lips.

1720 2327 1735 2379 i
