1740 3095
310 213 402 260 646
687 225 758 257 m:
796 222 1003 255 AETATE
1039 221 1108 252 ET
1144 220 1382 258 AUCTORE

310 347 466 398 deinde,
505 361 570 386 cur
597 344 757 384 Luciani
797 358 872 382 non
909 356 994 381 esse
1020 348 1191 390 putemus
1204 368 1217 390 ,
1255 340 1461 389 generatim
1488 337 1677 389 dicamus3

310 416 494 465 denique,
522 421 586 464 ut,
616 414 749 463 quibus
776 412 918 449 inducti
946 410 1150 448 rationibus
1166 437 1178 459 ,
1208 409 1392 456 juniorem
1420 405 1588 444 Luciano
1612 419 1680 443 au-

312 491 453 523 ctorem
482 483 727 530 arbitremur,
764 493 829 518 eas
863 479 1051 527 rationes,
1091 490 1204 526 quam
1232 475 1316 513 fieri
1344 475 1480 523 poterit
1516 473 1682 511 breviter
1724 465 1732 471 ²

314 559 353 591 et
380 551 599 600 perspicue,
629 559 893 597 proponamus.
1734 538 1735 598 ἶ

399 616 498 656 XII.
537 616 707 654 Luciano
747 617 830 663 jure
867 613 981 650 tribui
1016 608 1274 659 Philopatrin,
1323 608 1519 657 probatum
1559 607 1682 655 primo
1734 607 1735 644 ξ

314 686 403 727 inde
430 691 508 733 est,
538 683 638 733 quod
664 684 698 720 is
727 682 835 730 quasi
860 681 900 719 in
925 679 1162 728 possessione
1192 683 1307 726 esset,
1338 689 1422 713 cum
1451 676 1547 711 inter
1566 673 1687 721 ipsius
1734 704 1735 707 ,

318 766 433 802 opera
461 753 538 801 jam
566 751 680 800 longo
709 757 878 798 tempore
906 747 1114 795 referatur-3
1152 746 1268 794 igitur
1295 757 1370 781 non
1397 743 1471 780 nisi
1498 740 1690 779 validissi-
1735 751 1736 757 ¹

318 821 392 859 mis
418 819 623 857 rationibus
652 831 764 867 posse
799 811 888 854 inde
931 814 1136 851 exturbari.
1194 810 1345 850 Verum
1385 810 1601 856 enimvero,
1642 819 1691 844 ne

319 889 397 937 jam
425 888 464 924 in
490 886 615 923 locmn
640 885 748 922 ilhnn
779 895 1014 921 communem
1043 880 1090 918 de
1118 880 1355 917 librariorum
1383 877 1516 914 inertia
1535 881 1573 913 et
1590 874 1692 912 frau-

320 955 431 993 dibus
461 963 678 998 excur1⁴ffln3
710 965 757 989 ne
787 952 898 988 etiam
927 948 1022 986 illud
1050 947 1195 994 dicam,
1233 946 1353 982 malae
1382 944 1470 982 fidei
1499 954 1694 991 possesso·-
1721 947 1729 954 ⁴

322 1036 403 1061 rem
433 1021 723 1069 praescriptione
756 1032 840 1056 sese
879 1016 975 1054 tueri
1016 1028 1089 1052 non
1122 1026 1256 1062 posse:
1295 1013 1371 1060 jam
1399 1009 1543 1048 Aldina
1579 1009 1695 1047 editio

323 1100 549 1128 cloxoxxn.
579 1087 646 1124 sol.
677 1088 716 1123 in
741 1085 817 1122 fine
847 1083 986 1132 dialogi
1015 1080 1107 1119 haec
1135 1080 1267 1119 habet:
1300 1070 1416 1123 οἶτος
1447 1071 1466 1116 ὅ
1493 1071 1608 1127 λόγος
1626 1089 1696 1114 νο-

323 1150 487 1193 θεύεται
518 1154 597 1192 τῶν
618 1150 871 1190 Λουκιανοῦ.
931 1149 1040 1200 Quae
1079 1147 1212 1197 procul
1248 1146 1360 1183 dubio
1398 1158 1446 1183 ex
1476 1144 1596 1181 veteri
1636 1156 1698 1180 co-

325 1222 409 1260 dice
438 1221 645 1269 adscripta,
685 1226 723 1257 et
760 1225 845 1267 post
875 1218 920 1255 ab
949 1217 1033 1254 aliis
1062 1216 1223 1263 repetita
1261 1219 1360 1251 smlt.
1417 1209 1699 1259 Argumentum

325 1304 400 1327 non
429 1287 628 1337 abhorret,
658 1288 800 1335 fateor,
830 1286 875 1324 ab
904 1284 1054 1333 ingenio
1083 1281 1265 1329 Luciani,
1303 1281 1336 1318 si
1371 1279 1576 1328 generatim
1601 1276 1699 1314 illud

328 1364 497 1405 spectes,
528 1363 570 1393 ut
599 1356 646 1394 ad
676 1353 903 1394 irridendam
932 1365 1018 1389 cum
1050 1349 1316 1398 superstitione
1354 1347 1577 1395 religionem
1615 1358 1702 1393 per·
1730 1363 1736 1397 j

330 1425 437 1463 tinet.
498 1420 578 1461 Sed
606 1437 717 1471 quam
747 1422 927 1470 exiguum
956 1418 1043 1456 huic
1072 1417 1206 1455 rationi
1235 1414 1381 1463 pondus
1409 1414 1511 1462 insit,
1541 1413 1573 1449 si
1600 1411 1703 1449 dice-

331 1506 438 1539 rem,
467 1491 515 1528 de
543 1497 630 1539 tua,
672 1489 838 1535 Lector,
879 1486 1075 1535 prudentia
1104 1484 1273 1524 dubitare
1307 1481 1469 1520 viderer.
1528 1477 1633 1530 Quid
1670 1479 1704 1516 si
1732 1490 1738 1520 -ss

333 1573 424 1598 vero
449 1560 603 1606 insuper
631 1571 791 1606 negem,
822 1556 931 1594 illam
961 1554 1094 1591 saltem
1123 1551 1262 1600 dialogi
1290 1548 1403 1597 liujus
1430 1553 1598 1596 partem,
1639 1545 1705 1582 ubi
1726 1552 1740 1603 '3

333 1627 535 1667 vanissima
560 1638 627 1673 spe
656 1631 711 1661 tot
733 1624 932 1670 victoriae,
959 1618 1143 1668 ,triumphi
1172 1625 1227 1656 tot
1256 1616 1506 1665 spondentur,
1546 1626 1704 1662 quorum
1737 1617 1740 1672 j

334 1693 455 1741 nihil,
485 1693 547 1731 vel
577 1705 732 1741 parum,
773 1701 1032 1739 quamcunque
1062 1688 1174 1725 etiam
1203 1685 1425 1724 sententiam
1464 1681 1705 1730 amplectare‚
1737 1673 1740 1740 fl

335 1760 517 1809 contigit,
571 1764 651 1799 cato
691 1757 750 1795 illi
789 1755 1064 1793 Samosatensis
1108 1767 1198 1792 naso
1251 1766 1300 1791 ex
1349 1764 1433 1790 asse
1474 1749 1705 1787 convenire?
1737 1741 1740 1794 Ῑ

337 1825 451 1865 Certe
480 1840 502 1864 a
529 1824 726 1874 prudentia
755 1837 828 1861 non
857 1830 999 1861 tantum
1026 1822 1119 1869 viri,
1160 1820 1229 1859 sed
1267 1834 1288 1857 a
1316 1831 1451 1867 magna
1479 1817 1527 1854 ad
1555 1815 1708 1854 creden-
1737 1815 1740 1861 Ι

336 1894 427 1932 dum
451 1907 512 1932 res
543 1894 655 1931 etiam
685 1893 774 1942 <satis
802 1897 922 1928 certas
947 1889 1140 1936 tarditate,
1181 1886 1318 1935 oppido
1352 1885 1393 1923 id
1429 1883 1575 1922 videtur
1613 1883 1707 1920 alie·
1738 1875 1740 1911 <³

337 1976 443 2000 uum.
499 1959 637 2009 Ingens
666 1973 776 2007 porro
806 1958 871 1996 illa
911 1970 1037 1994 rerum
1073 1956 1347 2002 verborumque
1387 1953 1426 1990 in
1461 1950 1532 1988 hoo
1559 1950 1709 2003 dialogo

341 2042 425 2067 cum
453 2029 528 2076 iis,
569 2040 664 2075 quae
694 2026 844 2063 indubie
873 2030 958 2063 sunt
983 2022 1165 2070 Luciani,
1205 2020 1435 2068 similitudo,
1474 2025 1617 2056 tantum
1645 2018 1711 2055 ab·
1734 2037 1740 2050 «

342 2101 421 2143 est,
451 2100 492 2131 ut
521 2107 542 2131 a
570 2107 631 2131 me
659 2100 845 2142 negetur,
881 2098 922 2129 ut
945 2093 1069 2140 potius
1097 2089 1224 2138 paullo
1252 2094 1336 2126 ante
1366 2100 1410 2124 ea
1438 2098 1530 2123 usus
1556 2086 1628 2123 sim
1664 2084 1711 2122 ad

342 2161 572 2211 probandum
589 2189 600 2210 ,
643 2159 799 2207 Traiani
828 2166 946 2197 aetate
975 2172 1050 2195 non
1076 2157 1195 2195 videri
1224 2157 1417 2204 scriptum.
1477 2151 1555 2190 Sed
1591 2152 1713 2200 potuit
1737 2173 1740 2179 ·

345 2244 389 2267 ea
422 2243 470 2267 ex
500 2229 574 2268 alio
602 2229 713 2265 etiam
740 2228 842 2265 fonte
872 2226 1120 2275 profluxisse,
1149 2225 1356 2262 imitatione
1381 2221 1579 2269 nimirum,
1622 2219 1713 2257 satis
1736 2225 1740 2267 j

345 2297 413 2334 illa
441 2294 591 2344 quidem
619 2297 765 2343 inepta,
794 2308 866 2343 qua.
895 2294 941 2331 de
971 2300 1051 2330 tum
1081 2305 1129 2329 ex
1158 2290 1453 2328 annotationibus
1472 2287 1608 2325 nostris
1628 2300 1714 2324 con·
1733 2275 1740 2339 '⁵

348 2370 448 2402 stare
476 2362 615 2401 volenti
642 2368 787 2411 potest,
825 2368 903 2398 tum
941 2361 1039 2398 infra
1080 2357 1199 2397 adhuc
1228 2357 1369 2405 aliquid
1395 2357 1466 2394 erit
1502 2344 1737 2396 dicendumst

348 2430 457 2470 Nunc
479 2430 623 2483 reliqua
652 2441 932 2477 persequemur
1735 2462 1737 2467 ,

435 2494 554 2534 XHI.
589 2494 802 2533 Victoriam
843 2496 889 2532 de
925 2493 1053 2532 Persis
1092 2494 1282 2542 ingentem
1329 2491 1532 2539 reportavit
1571 2487 1737 2528 Lucius

351 2565 506 2612 Verus,
543 2564 590 2600 ob
634 2577 766 2612 quam,
808 2563 1074 2600 connnunicato
1116 2574 1201 2597 cum
1228 2558 1362 2596 Marco
1404 2559 1521 2595 fratre
1559 2554 1733 2604 honore,

353 2631 605 2680 triumphavit.
665 2630 773 2671 Hanc
803 2644 885 2668 eam
913 2632 1033 2677 ipsam
1062 2641 1158 2675 esse,
1189 2640 1297 2676 quam
1327 2625 1488 2663 celebrat
1515 2623 1584 2661 sub
1602 2606 1740 2661 finems

354 2697 621 2748 Philopatridis
652 2696 1051 2745 C1e0}a11s,v,olunt
1094 2707 1186 2744 quos
1222 2706 1333 2742 supra
1361 2690 1524 2740 laudavi,
1549 2690 1621 2731 viri
1649 2688 1737 2744 ‹lo-ff
