1768 3125
337 189 732 222 PHILOPATmDIS
768 188 1123 221 DISSERTATIO.
1362 172 1456 218 653

75 315 189 362 igitur
217 312 395 360 abruptus
424 326 499 350 non
526 312 673 361 magis,
705 324 817 358 quam
842 310 938 362 γοῦν
967 309 1175 358 particula,
1221 308 1354 347 deesse
1383 309 1454 346 ali-

76 380 166 428 quid
195 380 403 417 ostendunt.
462 379 604 417 Suidae
634 379 757 416 verbis
787 392 856 416 sua
887 386 1030 416 constat
1059 380 1198 416 veritas
1228 391 1339 425 quam
1372 379 1455 425 pla-

76 449 252 497 nissime,
280 449 312 485 si
341 448 404 486 vel
432 447 526 485 nihil
556 447 666 485 desit.
728 445 831 498 Quid
863 447 962 483 enim
1002 454 1088 483 sunt
1118 445 1373 494 blasphemiae
1417 446 1457 482 in

78 514 297 564 Christum,
337 517 369 553 si
408 514 479 553 hae
507 528 582 552 non
610 521 719 562 sunt,
760 526 854 561 quae
885 513 1087 551 hodienum
1117 520 1265 551 exstant
1295 515 1333 550 in
1362 511 1457 549 Pro-

77 585 166 621 teo?
223 582 421 631 Denique,
456 584 541 631 quis
571 584 644 619 iste
672 582 770 618 foret
812 588 969 629 stupor,
1009 595 1092 618 cum
1143 595 1295 618 manum
1337 580 1457 618 semel

77 652 252 698 injeceris
281 650 487 688 mutilando
516 651 676 697 scripto,
719 649 816 686 illud
846 650 1085 697 relinquere,
1128 650 1228 697 quod
1266 650 1353 695 ejici
1394 649 1459 686 vel

78 720 271 767 similiter,
302 718 363 756 vel
391 718 512 765 magis
542 719 653 754 etiam
679 718 885 754 intererat?
914 716 1077 754 Duobus
1116 719 1354 765 potissimum
1378 730 1460 753 mo-

78 786 138 824 dis
177 787 248 824 ulti
285 792 373 824 sunt
403 783 606 823 Christiani
633 783 747 832 hujus
777 784 920 833 dialogi
963 786 1253 834 contumeliam,
1295 785 1460 832 primum

79 853 281 891 omittendo
308 854 375 890 illo
404 854 576 900 penitus,
613 852 714 899 quod
757 853 896 889 factum
923 853 1034 890 facile
1064 851 1206 889 FABRO
1243 852 1460 897 credimus3

79 928 159 958 tum
196 921 353 968 acerbe,
405 920 539 957 adletis
577 921 616 955 in
659 921 828 968 margine
866 921 1034 968 notulis,
1088 920 1309 968 refutando,
1362 919 1463 967 qnod

80 986 236 1025 Scholia
278 1000 298 1024 a
338 985 399 1024 Jo.
432 984 613 1024 Cnnmco
654 986 752 1023 edita
791 993 986 1025 testantur.
1048 986 1238 1025 Omisisse
1276 987 1462 1035 quaedam

78 1068 128 1093 ex
155 1056 236 1103 ipsa
266 1055 443 1092 orationis
472 1055 596 1103 serie,
625 1054 760 1091 saltem
787 1053 933 1093 FABER
960 1069 1055 1104 quae
1085 1056 1208 1093 attulit
1229 1061 1462 1104 argumenta,

78 1123 127 1161 iis
154 1124 220 1161 vix
248 1122 500 1170 persuadebit.

165 1189 288 1228 XIX.
331 1188 437 1239 Sed,
473 1196 516 1226 ut
556 1203 755 1238 pergamus
793 1191 954 1228 strictim
992 1191 1178 1239 quaedam
1217 1191 1264 1228 ad
1301 1190 1463 1230 Luciani

79 1258 194 1296 verba
222 1264 421 1305 annotare,
448 1255 647 1295 Judaicum
678 1259 804 1307 sapit,
845 1258 944 1306 quod
973 1255 1100 1310 ἱερέας
1132 1266 1170 1297 et
1198 1257 1462 1310 γραμματέας

79 1332 188 1363 vocat
226 1323 525 1363 Christianorum
554 1323 765 1374 Doctores,
807 1341 1035 1375 quamquam
1072 1342 1146 1365 non
1186 1329 1378 1377 ignorem,
1414 1327 1463 1365 de

79 1391 366 1443 Aegyptiorum
395 1394 507 1430 etiam
538 1393 792 1431 sacerdotibus
835 1395 914 1432 τῶν
951 1393 1220 1447 γραμματεῖον
1257 1409 1348 1433 voce
1388 1409 1463 1433 non

81 1462 202 1499 semel
231 1475 340 1498 usum
353 1464 401 1506 a).
461 1459 523 1498 Ex
552 1459 773 1499 ethuicislno
811 1470 888 1511 est,
928 1464 1027 1511 quod
1055 1462 1323 1501 Alexandrum
1354 1462 1465 1501 Chri-

82 1530 289 1568 stianorum
319 1522 551 1580 3ιασάρχην
577 1535 707 1577 vocat,
748 1536 785 1566 et
821 1528 977 1581 τελετὴν
1009 1531 1309 1570 Christianorum
1350 1532 1464 1569 disci-

80 1596 236 1645 plinam.
296 1592 450 1633 Καινὸν
481 1591 704 1647 Σωκράτην
735 1595 967 1636 Christianos
996 1598 1245 1649 Peregrinum
1286 1613 1461 1649 vocasse,

81 1664 277 1711 probabile
314 1677 389 1701 non
417 1670 491 1701 est:
535 1665 568 1701 si
598 1671 686 1700 nota
726 1663 897 1703 Luciano
927 1666 1053 1704 Paulli
1081 1666 1261 1715 Apostoli
1306 1667 1465 1706 historia

81 1731 227 1779 fuisset,
257 1730 355 1768 hunc
374 1731 486 1768 dubio
516 1732 645 1779 procul
665 1733 932 1771 substituisset.
987 1727 1034 1772 ‘O
1056 1733 1284 1785 rogeoffe'mjg
1307 1729 1328 1773 ὃ
1350 1736 1464 1787 πρῶ-

83 1813 174 1848 τος,
212 1800 276 1848 qui
311 1800 544 1847 persuasisse
587 1798 813 1837 Christianis
850 1801 1010 1851 dicitur,
1063 1809 1105 1839 ut
1144 1817 1274 1840 omnes
1314 1817 1356 1841 se
1394 1818 1464 1852 pro

81 1867 259 1908 fratribus
288 1868 447 1904 invicem
474 1865 676 1915 haberent,
706 1882 781 1905 non
809 1869 942 1918 video,
973 1871 1062 1917 quin
1090 1872 1173 1917 ipse
1203 1878 1373 1908 servator
1394 1885 1464 1909 no-

83 1942 160 1973 ster
189 1948 274 1973 esse
304 1942 427 1983 queat.
487 1934 620 1982 Neque
647 1934 744 1972 hunc
786 1936 1045 1984 legislatorem
1074 1933 1152 1974 ἀπὸ
1193 1938 1265 1974 τοῦ
1297 1935 1464 1976 ἀνεσκο-

85 2000 324 2052 λοπισμένον
363 1998 509 2054 ἀνδρὸς
546 2003 609 2039 ubi
647 2002 852 2051 distinguat
890 2002 1106 2052 Lucianus,
1149 2006 1322 2054 reperio,
1361 2005 1461 2053 quod

83 2076 285 2118 utrumque
314 2076 437 2107 tamen
466 2071 602 2107 iterum
633 2071 712 2108 vult
742 2069 851 2108 Tin.
880 2070 913 2110 F
917 2084 1039 2108 ABER.
1099 2069 1238 2109 Contra
1267 2085 1312 2110 ea
1352 2075 1465 2121 jussit

86 2136 259 2178 Christus
289 2136 427 2174 Matth.
470 2142 544 2186 23,
584 2142 622 2177 8.
665 2145 706 2175 ut
745 2152 874 2176 omnes
914 2138 1092 2186 discipuli
1130 2141 1188 2176 sui
1226 2140 1384 2176 fratrum
1421 2153 1464 2177 se

86 2207 170 2245 loco
198 2207 359 2244 invicem
400 2204 604 2243 haberent:
647 2212 686 2244 et
723 2206 927 2244 secundnm
965 2207 1035 2244 τοῦ
1077 2202 1462 2255 ἅνὲσκολοπισμένου

87 2269 238 2323 νόμους
264 2274 392 2312 vivere
422 2271 676 2323 Christianos,
707 2275 833 2322 paullo
860 2280 945 2322 post
970 2272 1162 2311 Lucianns
1189 2271 1342 2321 dicitb).
1396 2273 1465 2312 Ad

88 2341 203 2380 verba
216 2344 263 2390 ⁰),
305 2335 388 2378 εἶτα
415 2336 707 2391 παρανομήσας
736 2355 772 2379 τι
812 2340 868 2387 εἷς
903 2339 1095 2390 ἐκείνους,
1135 2336 1260 2393 ὤφθη
1297 2336 1373 2393 γάρ
1409 2355 1461 2389 τι,

90 2403 146 2455 ὥς
175 2403 285 2458 οἶμαι
299 2438 311 2456 ,
343 2406 492 2446 ἐσθίων
518 2409 598 2446 τῶν
627 2404 865 2462 ἂπορῥήτων
896 2406 1058 2459 αὐτοῖς,
1092 2408 1338 2447 PALMEams
1369 2423 1465 2446 con-

135 2518 179 2564 a)
212 2522 254 2552 E.
290 2532 324 2564 g.
361 2519 402 2552 de
430 2514 560 2566 Sacris.
595 2533 628 2564 p.
666 2522 745 2552 369.
783 2522 828 2555 T.
851 2522 880 2553 1.
917 2521 985 2553 Ed.
1016 2518 1151 2554 Graev.
1176 2521 1216 2554 it.
1241 2521 1277 2552 iu
1303 2517 1464 2562 Philops.

182 2590 213 2610 c.
237 2576 295 2609 34.

137 2630 186 2676 b)
216 2634 412 2667 Johannem
436 2634 564 2678 Evang.
592 2635 755 2677 intelligit
780 2628 889 2670 Fabr.
914 2635 954 2668 B.
979 2633 1025 2668 G.
1048 2634 1091 2668 L.
1114 2633 1178 2669 lv.
1206 2644 1234 2666 c.
1249 2633 1303 2665 16.
1330 2645 1362 2676 p.
1382 2631 1462 2668 500.

139 2688 182 2733 c)
207 2690 286 2736 Pag-
313 2691 392 2724 570.
1034 2709 1036 2712 -
