1740 3095
288 173 387 217 328
621 188 1386 223 ADNOTATIONES

287 307 502 356 portabant:
541 314 707 346 cetermn
742 309 850 357 equis
888 307 1140 360 vehebantur3
1178 325 1266 348 cum
1289 324 1350 348 res
1379 309 1560 358 locusque
1587 326 1654 358 po-

289 381 424 423 sceret,
452 375 637 423 pedestris
666 377 766 414 acies
794 382 888 414 erat.
946 376 1101 426 Nescio,
1138 392 1191 415 an
1215 376 1276 416 hic
1303 377 1558 425 Dimoiritas,
1588 388 1655 417 aut

288 441 506 480 Diocmitas
541 443 668 492 legere
706 442 918 482 audeamus
932 458 947 483 .·
985 447 1134 483 tametsi
1161 445 1397 484 Ammianus
1434 445 1501 484 hos
1538 446 1657 484 mellis

282 526 411 559 paene
449 513 569 549 armis
602 513 805 550 instructos
831 513 983 564 faisse,
1027 512 1151 550 literis
1198 512 1367 551 mandet.
1396 537 1453 542 —-
1500 511 1580 551 Sed
1616 515 1656 551 iu

290 579 424 617 Curtio
454 585 555 616 recte
583 581 660 627 jam
688 578 904 618 Dimaclzas
929 580 1085 630 editum,
1116 581 1180 628 qui
1217 587 1255 618 et
1296 576 1464 629 ἅμιπποι
1497 579 1655 619 Graecis

287 645 486 694 dicuntur,
527 647 667 694 aliique
709 652 809 695 sunt,
849 660 960 695 quam
988 646 1050 684 hic
1083 645 1312 699 διμοιρΐται.
1370 647 1416 685 Iu
1442 648 1656 686 Ammiano

288 727 377 751 vero
406 715 531 761 priore
558 713 642 753 loco
669 712 894 763 Diogmitae
928 715 1154 764 legendum,
1197 729 1247 752 ex
1282 714 1477 753 Salmasio
1513 718 1657 753 monuit

286 779 528 820 Freinshem.
557 781 606 820 ad
636 780 746 820 Curi.
775 781 831 820 V.
859 796 892 820 c.
924 787 991 821 13.
1023 786 1054 829 ᾗ.
1087 788 1126 821 8.
1185 781 1398 821 Habuimus
1433 781 1658 835 διμοιρίτας

287 848 389 896 apud
416 847 586 888 Luciam
613 856 685 899 ter,
711 856 856 898 quater,
884 857 921 888 et
948 849 1065 888 Suid.
1092 864 1135 888 ac
1161 849 1368 889 Scholiast.
1402 865 1553 899 quoque
1590 865 1657 889 ex-

287 923 449 966 ponunt,
478 930 591 965 quem
616 917 695 955 vid.
734 917 781 955 ad
809 917 916 956 Dial.
956 925 1108 956 meretr.
1134 916 1213 956 IX.
1250 932 1382 956 versus
1421 918 1488 955 fin.
1529 920 1580 956 ita
1616 926 1658 956 ut

286 996 368 1020 rem
397 985 510 1021 nimis
538 990 664 1022 notam
692 992 833 1034 putem,
860 998 971 1034 quam
1005 991 1049 1023 ut
1086 986 1205 1023 multa
1242 985 1389 1024 addam.
1449 984 1569 1035 Origo
1601 992 1659 1023 est·

287 1062 311 1087 a
337 1048 530 1101 διμοιρία.
587 1049 646 1089 Ita
680 1050 881 1104 διμοιρίας
916 1048 1149 1102 λαμβάνειν,
1179 1051 1279 1090 duas
1310 1051 1490 1101 praedae
1520 1062 1659 1101 partes

285 1120 475 1166 accipere,
506 1117 676 1169 Dionys.
705 1119 847 1158 Halic.
877 1119 995 1158 VIII.
1023 1135 1062 1168 p.
1094 1134 1146 1156 m.
1180 1122 1275 1158 544.
1306 1120 1372 1157 sm.
1431 1119 1578 1157 Rmrz.

368 1184 472 1232 Pag.
507 1190 573 1223 18.
601 1186 632 1223 Ζ.
665 1190 704 1223 2.
738 1183 1028 1236 Ἔπαχθές]
1072 1185 1138 1224 Sic
1178 1193 1278 1224 recte
1308 1187 1482 1224 scribitur
1518 1189 1557 1223 in
1587 1186 1655 1225 Fl.

288 1250 389 1289 Bas.
421 1256 460 1290 2.
483 1259 522 1290 et
548 1252 648 1291 Par.
707 1251 751 1291 In
778 1253 936 1302 reliquis
965 1267 1079 1301 prave
1110 1249 1308 1302 ἇπαχθίς.
1366 1251 1520 1291 SOLAN.

370 1319 474 1368 Pag.
511 1320 540 1358 l.
584 1324 652 1360 17.
693 1315 914 1366 Αὖτοῦ]
961 1320 1006 1358 In
1049 1321 1220 1358 omnibus
1268 1322 1406 1358 nostris
1445 1321 1552 1359 libris
1580 1330 1659 1359 erat

285 1382 426 1436 αὐτοῦ,
457 1387 556 1435 quod
583 1388 715 1426 sedulo
745 1390 801 1426 sic
827 1390 1068 1426 mutavimus.
1128 1387 1281 1426 SOLAN.

370 1454 475 1504 Pag.
506 1460 575 1495 19.
603 1455 633 1493 Ζ.
667 1459 735 1494 13.
767 1452 834 1494 Τὸ
872 1459 1142 1506 στοιχεῖον
1183 1451 1441 1503 ἑξάπουν]
1484 1455 1581 1495 Vid.
1620 1465 1658 1494 et

286 1519 456 1570 Lexiph.
487 1536 521 1561 c.
552 1525 593 1561 4.
624 1530 661 1561 et
688 1521 811 1562 Alex.
866 1537 901 1562 c.
931 1528 972 1563 9.
1028 1523 1136 1561 Haec
1172 1525 1267 1561 ratio
1306 1526 1486 1572 temporis
1528 1525 1657 1563 obser-

286 1590 398 1628 vandi
428 1596 513 1628 ante
550 1589 664 1628 horas
701 1592 894 1641 inventas,
935 1604 1008 1640 qua
1047 1592 1094 1629 de
1133 1604 1175 1628 re
1215 1591 1550 1640 erudifisssimam,
1590 1593 1657 1630 sed

286 1657 557 1705 prolixiorem,
593 1671 706 1705 quam
745 1665 788 1695 ut
825 1658 887 1697 hic
911 1660 1113 1707 inseratur,
1141 1658 1330 1696 Salmasii
1358 1659 1657 1697 dissertationem

286 1723 364 1760 vid.
392 1725 431 1760 in
459 1724 567 1762 Plin.
597 1723 672 1761 Ex.
703 1738 738 1762 a.
768 1740 809 1773 p.
837 1728 935 1764 445.
966 1726 1013 1763 ad
1043 1729 1140 1763 463.
1178 1725 1288 1763 Hanc
1322 1733 1447 1763 autem
1477 1729 1656 1774 temporis

286 1789 551 1828 indicationem
589 1792 815 1840 respondere
855 1799 960 1841 putat
993 1792 1247 1830 Romanorum
1275 1791 1330 1830 V.
1377 1794 1439 1831 vel
1469 1792 1544 1831 VI.
1584 1793 1655 1831 hoc

286 1863 357 1906 est,
384 1858 601 1897 undecimae
629 1867 793 1907 nostrae,
823 1861 886 1898 vel
913 1861 986 1908 ipsi
1015 1860 1211 1909 meridiei3
1255 1874 1328 1908 qua
1369 1859 1461 1897 hora
1489 1862 1655 1899 convivia

286 1927 506 1971 tempestiva
535 1928 667 1976 agitari
696 1929 829 1977 solita,
868 1934 911 1964 ut
948 1930 1065 1966 moris
1106 1934 1187 1965 erat
1222 1927 1354 1965 diebus
1382 1928 1488 1965 festis
1517 1943 1559 1966 ac
1589 1942 1655 1967 so-

285 1992 486 2031 lemnibus.
542 1994 727 2033 Juvenal.
757 2015 815 2024 —
856 1994 1039 2048 Quamvis
1078 1994 1204 2033 solida
1242 1992 1339 2033 hora
1377 1998 1543 2043 supersit
1578 1995 1657 2034 Ad

284 2069 452 2099 sextam.
514 2061 784 2101 Tertullianus
810 2064 850 2101 in
878 2062 998 2112 Apol.
1028 2061 1306 2101 Saturnalibus
1341 2077 1418 2100 non
1456 2063 1566 2100 lavor
1593 2062 1654 2100 di-

283 2127 426 2178 luculo,
454 2128 525 2166 secl
556 2128 712 2168 honesta
747 2140 783 2168 et
821 2130 971 2169 salubri
1008 2129 1119 2168 lzora.
1178 2129 1290 2167 Putat
1327 2137 1474 2178 tamen,
1512 2130 1653 2168 nullam

285 2194 417 2233 horam
454 2197 530 2236 diei
566 2211 695 2235 mense
733 2197 961 2248 Decembri,
997 2213 1070 2247 quo
1106 2196 1318 2235 Saturnalia
1354 2198 1651 2246 celebrabantur,

285 2276 356 2301 sex
381 2263 496 2312 pedes
524 2263 726 2315 habuisse3
755 2272 793 2304 et
822 2266 1062 2317 παχυμερῶς
1090 2265 1139 2303 ad
1164 2267 1347 2303 rationem
1365 2263 1535 2302 Atticam
1557 2271 1652 2302 tem-

285 2344 355 2378 pus
381 2331 476 2368 illud
504 2345 526 2369 a
551 2330 730 2371 Lucicmo
757 2332 819 2371 hic
847 2333 1191 2382 accommodatum,
1220 2335 1317 2372 457.
1345 2346 1380 2369 a.
1410 2331 1466 2370 A.
1509 2331 1651 2370 Variae

284 2404 412 2435 autem
439 2405 544 2438 erant
580 2412 717 2438 coenae
741 2399 877 2439 horae:
918 2415 964 2440 ea
1002 2402 1154 2450 vulgata
1196 2401 1313 2438 fuisse
1341 2399 1512 2449 videtur,
1555 2412 1651 2447 quae

283 2465 413 2503 decem
450 2468 589 2514 pedum
616 2468 724 2518 signo
762 2470 970 2507 notabatur.
1005 2467 1062 2507 V.
1102 2468 1203 2506 Poll.
1233 2466 1310 2516 VI,
1338 2472 1377 2506 8.
1415 2465 1522 2504 Haec
1558 2480 1649 2515 erg-o

283 2534 392 2570 solita
430 2536 630 2583 maturior,
682 2542 723 2573 ut
765 2538 802 2573 iu
839 2537 936 2573 sesto
976 2537 1131 2575 lautitiis
1168 2536 1383 2583 deliciisque
1422 2548 1539 2572 sacro.
1597 2532 1651 2571 Ut

286 2608 410 2638 contra
437 2615 520 2639 cum
549 2601 637 2641 XX
664 2603 799 2651 pedum
831 2605 867 2640 iu
897 2604 1022 2641 sabula
1051 2602 1191 2643 Eubuli
1230 2602 1326 2651 apud
1357 2600 1505 2640 Athen.
1546 2616 1648 2638 men—

284 2669 336 2705 tio
366 2675 437 2717 est,
466 2670 514 2706 ab
542 2684 652 2709 avaro
681 2671 821 2710 dictuun
850 2679 961 2719 puta;
990 2672 1158 2720 consule,
1187 2672 1220 2710 si
1247 2670 1363 2715 lubet,
1403 2668 1571 2708 Gasamb.
1602 2670 1648 2706 ad
