1740 3095
307 156 402 202 358
605 173 1374 208 ADNo'rAT10NEs

308 291 511 331 existimat.
567 292 699 342 Neque
739 288 759 332 ὃ
787 290 978 346 ἄντίθυρ,
1017 295 1118 343 quod
1147 294 1345 334 Scholiast.
1377 309 1490 344 supra
1518 295 1672 342 notavit,

307 359 500 409 improb03
551 374 681 398 venun
722 367 801 398 tum
841 375 918 399 acc.
965 362 1062 399 soret
1100 358 1171 412 τὴν
1210 359 1422 414 ἀντίθυρον.
1488 361 1672 400 Neutrmn

309 439 429 475 genus
458 433 557 465 certe
584 429 623 465 in
652 429 738 467 aliis
763 430 978 477 compositis
1006 431 1200 479 usitatum,
1229 436 1270 467 ut
1295 425 1492 481 d'tcfflvpov
1509 459 1521 479 ,
1550 423 1672 479 ’ὑπέρ-

308 494 454 543 θυρον,
485 490 706 547 πρόθυρον,
735 495 953 545 Stephanus
981 497 1132 545 indicat,
1162 497 1208 534 de
1237 493 1454 548 ἄντίθυρος
1480 495 1577 533 nihil
1593 496 1673 533 fere

308 558 433 597 habet.
489 559 569 600 Nec
609 576 680 611 ego
722 564 795 601 alia
831 571 980 612 praeter
1016 566 1092 613 jam
1129 564 1289 601 indicata
1316 565 1534 613 observavi,
1575 563 1674 600 unde

308 639 423 664 masc.
452 641 538 676 gen.
568 629 821 669 confirmetur.
877 630 1025 670 Rmrz.

393 692 481 732 ead.
509 694 538 733 l.
571 701 637 736 17.
668 691 748 743 ε,Ως
776 717 831 726 —-
863 694 1019 744 ἀξίας
1048 692 1174 748 εἶχε]
1210 697 1272 735 De
1302 695 1568 750 πρωτοκλισῖᾳ
1594 696 1673 735 vid.

305 757 482 810 ‚Bulengn
517 768 554 800 et
579 762 731 802 Stukkii
761 766 901 814 antiqq.
932 766 1078 803 conviv.
1108 773 1219 814 atque
1253 763 1385 802 Olear.
1415 765 1461 802 ad
1490 762 1674 802 Philostr.

310 824 384 865 ΠΙ.
426 842 458 866 0.
489 833 555 869 27.
594 845 633 879 p.
664 837 758 870 118.
792 832 865 871 No.
898 836 937 872 9.
980 831 1158 870 Ceterum
1196 829 1311 878 ἀξίας
1347 833 1552 880 genitivum
1591 844 1676 869 esse

310 895 489 933 usitatum
516 897 556 934 in
582 896 653 936 hac
679 898 828 948 phrasi,
867 913 942 937 non
970 900 1115 949 indiget
1141 901 1374 948 probatione.
1430 897 1525 937 Vid.
1553 905 1677 936 tamen

310 974 424 1010 supra
451 961 536 1002 Jov.
567 963 680 1014 Trag.
710 981 790 1015 cap.
820 970 861 1005 7.
897 965 1044 1004 Rmrz.

396 1028 502 1078 Pag.
533 1035 601 1070 49.
631 1033 660 1070 l.
693 1038 733 1071 3.
779 1034 900 1072 Τοῖν
930 1029 1181 1078 ἀνάκοιν]
1224 1032 1444 1070 Mausacus
1477 1032 1533 1077 (in
1562 1029 1678 1068 Har-

306 1099 483 1144 pocrat.)
521 1105 559 1135 et
591 1099 805 1138 Gronovius
843 1105 972 1148 (supra
1001 1101 1048 1137 ad
1076 1099 1225 1137 Timon.
1263 1114 1295 1137 0.
1329 1101 1414 1146 10.)
1451 1100 1581 1136 volunt
1608 1097 1678 1135 hos

311 1175 333 1198 a
377 1161 531 1202 Castore
578 1172 616 1203 et
654 1165 809 1204 Polluce
850 1168 1050 1215 distingui3
1107 1166 1174 1204 sed
1221 1166 1300 1203 vid.
1354 1180 1387 1204 c.
1429 1171 1495 1203 32.
1570 1164 1679 1203 Unde

311 1228 459 1277 liquere
501 1238 614 1281 puto,
659 1234 810 1271 eosdem
849 1233 912 1271 hic
948 1235 1134 1283 intelligi3
1186 1235 1258 1271 nisi
1298 1235 1411 1270 etiam
1439 1228 1677 1285 Αιόςκουροι

314 1297 381 1333 alii
409 1310 430 1334 a
461 1296 615 1337 Castore
645 1307 683 1338 et
711 1299 867 1339 Polluce
894 1301 1076 1339 statuendi
1109 1302 1196 1338 sint.
1256 1299 1406 1338 SOLAN.

400 1363 488 1402 ead.
527 1366 555 1404 I.
600 1372 666 1406 10.
721 1369 826 1406 Τοῦ
860 1364 1172 1419 Ἐπικούρου
1217 1363 1375 1413 πάνυ]
1426 1367 1534 1417 Lege
1569 1364 1679 1405 Ἐπι-

314 1445 462 1483 κουρου
504 1432 578 1471 τοῦ
617 1430 736 1473 πάνυ.
788 1434 854 1473 LA
884 1434 1032 1474 Cnozn.
1089 1434 1243 1473 Lubens
1280 1436 1332 1473 ita
1362 1435 1537 1484 ederem,
1580 1437 1613 1474 si
1640 1437 1679 1473 in

314 1500 393 1538 ullo
421 1501 520 1538 libro
546 1504 763 1550 reperirem.
821 1502 968 1541 REITz.

397 1566 485 1605 ead.
514 1568 543 1606 l.
576 1573 642 1608 14.
685 1570 723 1607 E
731 1565 750 1607 ἶ
757 1566 800 1609 τ’
837 1567 955 1621 ἐγὼ]
999 1568 1313 1618 Philosophorum
1353 1571 1418 1608 uni
1454 1576 1492 1608 et
1524 1567 1682 1609 Rhetori

315 1636 551 1684 anteponitur
578 1634 783 1675 Lucianus.
842 1636 993 1675 SoLAN.

402 1702 502 1750 Pag.
524 1704 591 1741 50.
621 1703 650 1741 Ζ.
673 1707 739 1741 14.
769 1701 1000 1756 Γέροντα
1030 1700 1366 1755 Ζηνόθεμιν]
1398 1702 1547 1741 Similia
1569 1703 1682 1742 habet

316 1767 503 1818 Alciphr.
534 1767 607 1808 ΠΙ.
651 1784 690 1818 p.
722 1773 817 1810 410.
854 1772 918 1808 ubi
946 1771 1084 1820 Bergl.
1125 1772 1173 1810 ad
1199 1773 1312 1810 verba
1349 1766 1369 1809 ὃ
1400 1767 1576 1817 Στωϊκὸς
1603 1766 1679 1810 ὑπὸ

316 1837 550 1887 πλησμονῆς
577 1832 744 1887 {reygm
775 1836 866 1876 haec
892 1839 990 1876 inter
1017 1853 1059 1877 se
1089 1846 1286 1887 comparat.
1344 1837 1491 1876 Rmrz.

402 1904 504 1952 Pag.
546 1907 613 1942 51.
655 1903 683 1942 Ζ.
722 1909 762 1942 2.
807 1902 1185 1951 Ἔπειςέπεσεν]
1229 1905 1366 1944 Malim
1406 1903 1679 1950 ἒπειςέπαισεν.

317 1970 423 2010 Vide
435 1970 550 2009 Suicl.
572 1984 608 2009 v.
635 1968 914 2020 ἓπειςπὲπαικε,
935 1980 971 2010 et
989 1975 1239 2022 paroemiogr.
1261 1976 1299 2011 in
1310 1971 1530 2011 Mvmom'ov
1553 1971 1678 2022 δίκην.

317 2038 412 2077 Vid.
442 2039 553 2076 etiam
582 2052 696 2086 supra
715 2038 836 2079 Diall.
856 2039 1013 2079 Merett.
1040 2041 1183 2078 ultimo.
1213 2039 1405 2078 Kusnffl.
1440 2037 1681 2085 Ἔπειςέπαι-

318 2109 409 2150 σειν]
441 2104 485 2143 In
506 2106 675 2143 omnibus
696 2107 802 2144 libris
821 2109 959 2145 nostris
984 2115 1064 2145 erat
1087 2105 1321 2153 ἕπειςὲπεσεν
1335 2120 1344 2130 ·
1375 2107 1536 2145 Kusteri
1555 2121 1681 2145 emen-

319 2174 506 2212 dationem
533 2174 572 2210 in
603 2179 747 2212 textum
774 2176 994 2224 recepimus.
1033 2173 1185 2214 SOLAN.
1230 2171 1509 2220 Ἐπειςὲπεσεν]
1539 2173 1679 2222 Bergl.

318 2241 365 2279 ad
386 2237 573 2288 Alciplzr.
600 2240 674 2280 III.
704 2257 741 2290 p.
764 2245 859 2282 408.
890 2245 1042 2292 corrigit
1065 2241 1348 2291 ἕπειςέπαισεν,
1379 2241 1478 2290 quod
1501 2256 1560 2289 ap.
1578 2241 1681 2280 Ari-

315 2306 439 2357 stopk.
469 2307 580 2346 Pluto
618 2323 656 2348 v.
688 2313 780 2352 804.
818 2317 919 2348 recte
946 2311 1116 2360 legatur,
1164 2309 1230 2355 Εἰς
1256 2306 1328 2359 τὴν
1354 2307 1479 2346 οἰκίαν
1508 2308 1681 2355 ἐπειςπὲ-
1733 2353 1738 2356 ,

318 2389 470 2414 numer.
529 2374 638 2413 Cous.
678 2378 826 2415 omnino
855 2391 967 2426 supra
995 2376 1100 2415 Dial.
1130 2375 1288 2415 Mel-etr.
1315 2374 1415 2414 XV.
1445 2380 1517 2416 bis.
1545 2391 1680 2427 nempe

318 2445 400 2481 init.
451 2444 517 2480 ubi
563 2441 835 2492 ἕπειςπαίσας,
886 2451 923 2482 et
966 2444 1066 2482 med.
1104 2445 1169 2482 ubi
1210 2441 1455 2489 ἕπειςὲπεσαν
1494 2446 1678 2495 dedimus,

319 2511 407 2548 licet
447 2509 544 2548 Edd.
589 2508 861 2561 ἕπειςέπεσαν,
918 2518 955 2550 et
990 2513 1067 2550 vicl.
1100 2513 1156 2549 fibi
1193 2518 1332 2551 notata.
1398 2512 1507 2551 Unde
1545 2519 1583 2550 et
1619 2511 1680 2551 hic

320 2577 509 2626 Berglero
539 2591 581 2615 ao
609 2577 754 2615 Solam>
782 2592 914 2617 rursus
944 2580 1273 2627 obtemperandum
1301 2580 1444 2627 fluerat,
1481 2580 1566 2627 quia
1594 2594 1679 2627 per-

320 2646 443 2687 facilis
479 2647 519 2683 in
552 2644 613 2684 his
648 2651 708 2684 est
741 2645 871 2695 lapsus
911 2648 1219 2697 amanuensium3
1272 2647 1340 2684 sed
1376 2652 1529 2695 propter
1566 2648 1678 2685 nimia
1720 2683 1737 2701 f
