1740 3095
295 163 389 206 330
639 175 1402 210 ADNOTATIONES

377 294 478 343 Pag.
514 300 578 334 10.
610 295 636 331 'l-
670 298 735 332 16.
780 293 996 346 Προνομ
1009 290 1096 345 ὴν]
1128 295 1160 335 l.
1193 312 1227 335 e.
1266 295 1520 350 προνὲμησιν.
1552 297 1660 338 Vett.

294 362 413 401 Codd.
451 362 680 401 consulendi.
714 359 877 399 GUYET.
935 361 1097 400 Mallem
1136 364 1378 415 προνομίαν,
1412 370 1662 415 praerogati-

290 447 399 480 vam,
443 445 525 468 cum
551 430 650 467 Pell.
695 443 807 476 quam
846 427 1073 481 προνομὴν,
1108 431 1324 482 praedam,
1357 433 1660 483 pabulationem.

290 498 441 537 RmTz.

376 566 477 614 Pag.
508 569 575 603 20.
600 564 628 601 I.
663 568 700 602 2.
724 564 927 616 Μοῖρα]
948 563 1115 603 Videtur
1141 565 1202 604 hic
1230 568 1355 616 aliqua
1371 582 1446 606 vox
1461 569 1659 607 excidisse.

292 632 443 671 SOLAN.
499 631 564 670 Nil
602 632 788 670 excidisse
817 639 948 681 pum,
988 634 1021 670 si
1061 648 1145 671 cum
1173 633 1391 688 Schaqfero
1426 636 1504 674 levi
1539 644 1660 674 muta-

291 702 391 738 tione
420 701 525 749 legas
555 696 652 738 κατ’
684 695 784 738 ἴσον.
843 698 986 737 LEHM.

372 766 460 806 ead.
518 767 545 805 l.
602 771 641 804 4.
701 767 786 804 Ilo.
805 765 1281 817 ραπεμπέτωσαν]
1356 767 1659 820 Προπεμπέτω-

290 850 366 874 σαν
394 836 535 885 legisse
559 835 708 873 videtur
736 837 935 883 interpres.
996 834 1075 873 Sed
1112 832 1156 873 τὸ
1188 835 1558 889 παραπελιιπέτηωαν
1597 852 1658 876 re-

289 910 390 941 ctum
418 910 489 941 est.
546 901 650 940 Infra
691 917 770 951 cap.
814 908 880 941 22.
922 900 987 940 καὶ
1034 899 1091 952 μὴ
1139 900 1207 941 τὸν
1262 903 1527 956 ἐμφορεῖσθαι
1577 906 1657 943 τῶν

288 966 403 1019 ὄψων
445 977 516 1008 etc.
561 969 721 1007 GUYET.
780 968 909 1007 Locus
948 970 1139 1007 difficilior
1178 977 1247 1008 est.
1306 971 1369 1009 De
1409 973 1561 1010 ferculis
1601 979 1659 1011 est

287 1050 432 1086 sermo,
473 1051 569 1085 quae
609 1051 630 1074 a
668 1050 778 1074 servo
820 1037 1198 1086 circumferebantur,
1242 1053 1314 1085 quo
1354 1053 1460 1076 suam
1499 1041 1657 1088 quisque

287 1105 417 1142 ordine
445 1111 590 1152 partem
621 1111 822 1142 sumerent.
882 1104 927 1141 In
956 1118 1000 1141 eo
1031 1104 1185 1153 duplex,
1216 1107 1249 1142 si
1286 1106 1372 1143 dolo
1397 1108 1497 1144 malo
1527 1121 1657 1156 agere-

287 1178 360 1219 tur,
389 1172 492 1208 fraus
515 1171 601 1207 fieri
630 1178 795 1218 poterat:
838 1185 925 1219 una,
973 1172 1006 1208 si
1032 1173 1153 1208 serius
1184 1171 1230 1208 ad
1258 1186 1460 1220 pauperem
1504 1173 1655 1212 deveni-

286 1245 393 1286 rent3
424 1239 558 1287 altera,
589 1239 622 1275 si
652 1239 697 1275 ab
726 1251 770 1275 eo
800 1239 1037 1276 festinantius
1068 1252 1151 1275 sese
1189 1241 1436 1287 proriperent.
1496 1240 1655 1290 Utrique

285 1312 459 1343 caveatur
487 1304 556 1342 hac
584 1306 671 1354 lege
702 1312 860 1353 oportet.
921 1303 1000 1342 Sed
1029 1320 1102 1353 quo
1130 1314 1237 1354 pacto
1266 1308 1432 1357 efficies,
1469 1315 1510 1345 ut
1538 1309 1579 1346 id
1606 1323 1655 1347 ex

285 1373 434 1420 verbis,
476 1386 570 1420 quae
599 1373 685 1409 libri
715 1374 833 1410 nostri
862 1372 924 1410 hic
952 1372 1144 1423 exhibent,
1174 1375 1333 1412 elicias?
1391 1374 1435 1412 Si
1463 1377 1655 1425 vulgatam

284 1442 507 1488 scripturam
536 1441 728 1487 sequaris,
756 1437 812 1490 μὴ
840 1438 1234 1492 παραπεμπὲτίι)σαν,
1277 1442 1379 1480 idem
1420 1444 1537 1481 ferme
1567 1445 1652 1493 erit,

284 1507 383 1555 quod
412 1509 488 1555 jam
515 1521 734 1555 expressum
764 1514 820 1545 est
847 1521 916 1556 per
944 1504 1000 1557 μὴ
1030 1507 1353 1560 βραδιψέτωσαν.
1412 1509 1463 1547 Et
1491 1512 1546 1548 sic
1569 1512 1651 1559 qui-

284 1575 369 1611 dem
399 1580 572 1622 cavetur,
608 1589 655 1612 ne
697 1577 871 1623 cuiquam
909 1576 1020 1612 nimis
1060 1575 1124 1612 <liu
1153 1576 1319 1613 faventes
1348 1577 1480 1614 famuli
1507 1578 1651 1616 fercula

284 1641 586 1678 circumferentes
620 1642 780 1691 adstent,
811 1657 884 1690 quo
912 1642 1044 1691 fieret,
1071 1648 1112 1680 ut
1140 1644 1194 1680 eis
1223 1646 1362 1691 major,
1392 1659 1502 1693 quam
1530 1652 1650 1683 caete-

281 1709 358 1755 ris,
399 1714 463 1744 aut
499 1709 634 1756 portio,
665 1716 726 1745 aut
755 1709 920 1746 delectus
955 1710 1089 1747 saltem
1127 1717 1239 1747 esset.
1297 1710 1470 1760 Eumque
1498 1726 1650 1751 sensum

282 1775 393 1812 verba
423 1777 618 1822 sequentia
648 1776 857 1824 admittunt,
888 1790 971 1813 cum
1001 1776 1161 1825 additur,
1205 1773 1291 1822 ἔπ’
1324 1774 1372 1815 ἂν
1403 1775 1539 1825 αὐτοῖς
1578 1778 1649 1817 ‹50-

281 1842 357 1894 κῇ,
403 1836 530 1879 ὖπόσα
554 1839 634 1893 χρὴ
663 1838 889 1894 ἀποφέρειν.
948 1842 1033 1881 Hoc
1073 1845 1172 1881 enim
1214 1845 1342 1893 valet,
1382 1843 1647 1897 παραπέμπει),

282 1906 454 1957 comitor,
484 1907 594 1946 adsto
624 1916 694 1946 etc.
724 1908 818 1947 Vid.
849 1909 1022 1948 Hermot.
1065 1919 1144 1959 cap.
1189 1916 1258 1950 72.
1290 1909 1561 1951 διαναστάντα
1605 1913 1648 1952 δὲ

282 1974 381 2022 ἀξιῶ
413 1972 595 2024 πράττειν
626 1990 661 2013 τι
692 1977 771 2014 τῶν
803 1973 1044 2027 ἀναγκαίῳν,
1084 1977 1150 2015 καὶ
1189 1974 1210 2016 ὅ
1241 1992 1282 2017 σε
1313 1978 1571 2031 παραπέμψει
1607 1980 1647 2028 ἒς

281 2041 326 2082 τὸ
371 2040 508 2081 λοιπὸν
547 2044 617 2081 τοῦ
656 2043 761 2092 βίου.
821 2043 938 2082 Adde
967 2042 1102 2094 Navig.
1144 2059 1177 2083 c.
1220 2051 1256 2084 1.
1295 2044 1527 2098 παρέπεμψε
1560 2063 1646 2098 χει-

282 2112 500 2162 ραγωγῶν·
533 2117 569 2148 et
597 2109 666 2148 Bis
708 2110 849 2150 Aecus.
881 2126 912 2149 c.
949 2115 985 2148 1.
1017 2113 1082 2149 ubi
1109 2120 1241 2151 ventus
1272 2114 1405 2151 dicitur
1434 2114 1646 2168 παραπέμ-

281 2193 365 2216 πειν
393 2175 443 2216 τὰ
474 2178 605 2215 πλοῖα.
663 2177 809 2216 Rursus
845 2181 877 2216 si
905 2179 972 2217 Fl.
1013 2179 1198 2218 Editionis
1227 2183 1448 2230 scripturam
1487 2178 1646 2232 perpen-

280 2246 369 2293 das,
410 2246 482 2283 alia
522 2258 675 2294 prorsus
714 2248 809 2284 ratio
854 2247 1014 2284 ineunda
1059 2249 1126 2285 tibi
1170 2250 1253 2286 erit.
1312 2246 1644 2300 Παραπέμπομαι

280 2315 378 2351 enim
417 2327 492 2350 non
529 2319 586 2350 est
624 2315 780 2350 comitor
819 2320 891 2351 etc.
933 2314 1000 2352 sed
1038 2315 1186 2367 rejicio,
1217 2315 1382 2354 amando
1412 2323 1482 2355 etc.
1540 2317 1644 2357 Vide

277 2381 403 2418 locum
433 2394 475 2418 ea
504 2379 550 2417 de
577 2393 618 2417 re
648 2380 746 2428 apud
775 2379 952 2418 Nostrum
983 2382 1213 2420 luculentum
1238 2382 1357 2421 Diall.
1398 2382 1518 2424 Merr.
1545 2384 1643 2426 XII.

279 2448 344 2485 ubi
375 2448 555 2485 meretrix
582 2449 722 2485 amasio
752 2449 848 2486 inter
877 2449 950 2485 ah'a
979 2450 1114 2488 amoris
1147 2451 1206 2487 sui
1241 2452 1348 2499 signa
1383 2449 1454 2489 hoc
1487 2452 1642 2501 profert,

280 2510 405 2552 οἶσθ-α
435 2509 555 2560 ὅσους
583 2511 754 2566 ἐραστὰς
792 2511 1117 2566 παρεπελιιψάμην
1155 2524 1225 2555 etc.
1266 2515 1392 2568 Mryd'e'
1431 2532 1641 2569 παραπεμ-

282 2579 499 2618 ῐιὲσθιιωαν
527 2583 651 2630 itaque
680 2584 767 2630 erit,
795 2597 886 2620 neve
914 2592 992 2620 tam
1021 2586 1093 2622 cito
1121 2595 1410 2633 praeterewnm,
1440 2592 1476 2622 et
1504 2587 1556 2622 sic
1575 2600 1642 2634 op·-

279 2650 429 2696 pouitur
463 2649 532 2702 τῷ,
572 2646 674 2700 μηδὲ
721 2646 1056 2702 βραδυνέτωσαν,
1094 2666 1168 2690 uon
1217 2659 1258 2690 ut
1294 2652 1394 2689 idem
1427 2652 1642 2701 significans
