1740 3095
309 165 403 211 644
702 181 775 210 DE
812 178 1018 211 AETATE.
1054 180 1123 209 ET
1161 178 1391 211 AUCTORE

306 300 383 354 μὲν
422 297 473 340 τὰ
504 295 792 353 Ἀριστάνδρου
836 298 903 337 καὶ
945 296 1398 351 ΑΡΊἘΜΙΛΩΡΟΥ,
1453 296 1500 339 οὗ
1553 302 1688 348 καλῶς
1737 322 1738 352 3

312 365 587 420 ἀποβήσονῖαι
641 362 769 405 ταῦτά
818 380 860 418 γε
898 362 949 405 τὰ
990 362 1152 405 ἕνῦπνῑα
1191 367 1232 406 ἐν
1271 363 1388 418 ὑμῖν,
1440 375 1478 407 et
1525 369 1701 425 reliqua..
1737 354 1738 373 Ξ

312 438 410 490 Quis
452 451 525 475 non
563 435 688 484 videt,
731 432 1053 472 ARTEMIDORUM
1096 431 1410 488 ὂιέιροκριτικῶν
1463 439 1686 485 scriptorem
1738 432 1740 449 ²

313 503 551 555 significari?
608 501 659 540 Et
687 516 735 540 ne
766 502 1000 551 dubitemus,
1041 516 1111 540 nec
1139 504 1318 540 infertum
1346 504 1391 541 ab
1421 504 1687 552 interpolatore

313 574 439 621 aliquo
468 570 705 609 Artemidori
730 583 865 607 nomen
894 571 1147 620 suspicemur,
1185 572 1314 619 paullo
1344 578 1430 619 post
1457 572 1686 620 interrogat:

315 637 361 678 οὗ
393 635 495 677 κατὰ
522 635 804 689 Ἀρίστανδρον
831 632 901 675 τὸν
928 636 1139 687 Τελμισέα,
1169 637 1235 676 καὶ
1255 635 1695 677 ΑΡΤΕΜῙΔΩΡΟΝ
1739 687 1740 692 ¹

314 703 383 746 τὸν
418 704 678 744 ΕΦΕΣῙΟΝ
704 703 907 754 ἐξίχιέυσα
944 709 1027 751 τοῖς
1067 701 1293 756 ὄνείρασιν;
1332 705 1394 744 De
1436 707 1519 754 ipsa
1554 719 1618 755 re,
1657 707 1691 744 si
1739 722 1740 729 ¹

315 776 400 824 quis
428 775 526 812 forte
554 774 742 821 requirat,
786 771 1065 810 An‘rmxnnom
1094 772 1234 822 hujus,
1275 780 1315 811 ut
1344 780 1381 811 et
1408 771 1692 811 Asmmm-

318 855 409 891 cm,
440 842 555 880 verba
579 842 618 878 in
646 842 744 878 notis
772 842 895 888 posita
923 835 1040 878 sunt(
1081 839 1156 878 Hic
1189 841 1286 879 illud
1324 840 1552 890 tenendum,
1591 840 1693 889 quod

316 910 377 947 hic
405 907 716 947 ARTEMlnonus
746 907 971 955 EPHESIUS,
1013 910 1102 956 (qni
1141 916 1265 946 tamen
1292 908 1521 946 Daldianum
1550 922 1591 946 se
1621 908 1694 946 dici

316 978 472 1025 mal-uit,
503 983 542 1014 ut
571 976 783 1013 nobilitaret
812 975 1015 1023 oppidum,
1056 975 1152 1013 unde
1182 982 1389 1013 maternum
1418 990 1538 1026 genus
1567 975 1694 1014 trahe-

316 1047 404 1093 bat,
435 1045 628 1081 obscurius
658 1045 796 1090 absque
825 1042 898 1079 hoc
927 1043 1118 1088 futurum)
1150 1050 1307 1080 testatur
1335 1045 1416 1091 ipse
1432 1048 1481 1091 a),
1512 1058 1553 1081 se
1582 1057 1694 1082 nosse

316 1112 512 1158 homines,
543 1112 606 1157 qui
634 1111 794 1147 vixerint
820 1107 1005 1146 Antonini
1036 1107 1095 1146 Pii
1122 1111 1375 1158 temporibus,
1407 1112 1468 1158 qui
1500 1124 1694 1149 successor

317 1179 389 1216 fuit
423 1176 631 1226 Hadriani,
672 1184 756 1215 ante
792 1190 905 1225 quem
940 1175 1127 1224 Trajanus
1165 1178 1377 1225 imperavit.
1436 1176 1563 1227 Hujus
1602 1192 1694 1216 vero

316 1247 415 1284 inter
455 1246 648 1283 victoriam
681 1243 871 1282 Persicam
906 1251 943 1281 et
984 1242 1169 1281 Antonini
1209 1246 1316 1282 initia
1366 1259 1462 1282 xxx
1499 1246 1694 1282 minimum

319 1315 406 1351 anni
434 1315 736 1350 intercesserunt.
794 1311 915 1349 Nemo
945 1313 1060 1360 igitur
1089 1313 1158 1349 sub
1188 1311 1350 1359 Traiano
1393 1314 1572 1360 scriptum
1602 1311 1696 1349 Phi-

319 1380 507 1430 lopatrida
536 1387 660 1428 potest
690 1393 882 1428 asserere,
922 1381 997 1417 nisi
1037 1382 1102 1428 qui
1133 1379 1356 1427 crediderit,
1395 1381 1548 1429 triginta
1588 1381 1695 1417 annis

321 1456 430 1495 ante,
474 1462 587 1496 quam
625 1449 786 1496 scriptus
826 1449 874 1484 sit
915 1448 1034 1496 liber,
1078 1461 1164 1484 eum
1201 1461 1314 1495 posse
1351 1448 1518 1496 allegari.
1577 1446 1697 1499 Quin,

322 1531 406 1554 cuni
446 1515 542 1553 nihil
582 1516 682 1553 aliud
722 1516 852 1563 colligi
889 1522 999 1563 queat
1041 1529 1089 1553 ex
1119 1514 1354 1552 Artemidori
1392 1515 1541 1563 verbis,
1586 1528 1698 1563 quam

321 1592 430 1622 notos
460 1585 518 1621 illi
546 1584 664 1621 fuisse
693 1582 872 1621 Athletas
889 1611 900 1631 ,
944 1584 1008 1630 qui
1045 1583 1281 1619 interfuerint
1310 1582 1412 1620 ludis
1442 1583 1698 1630 quinquenna-

322 1652 424 1689 libus
453 1652 545 1698 illis,
575 1662 670 1698 quos
694 1647 911 1687 Antoninus
940 1648 1029 1686 Pius
1058 1648 1276 1699 Hadriano,
1304 1663 1324 1686 a
1355 1664 1427 1698 quo
1457 1650 1580 1687 fuerat
1610 1649 1700 1687 ado-

323 1725 448 1768 ptatus
464 1747 476 1767 ‚
505 1718 666 1754 instituit
677 1714 730 1764 b),
762 1718 944 1764 suspicari
970 1717 1057 1754 licet
1073 1747 1082 1763 ,
1114 1725 1199 1764 post
1227 1716 1411 1754 Antonini
1432 1717 1581 1755 demum
1604 1725 1701 1756 tem-

323 1800 440 1834 pora3
484 1786 575 1832 quin
604 1782 738 1822 Severi
768 1785 902 1831 etiam,
942 1785 1004 1831 qui
1031 1782 1224 1822 Antonino
1254 1798 1448 1823 successor
1476 1785 1571 1835 suit,
1606 1787 1700 1823 scri-

326 1855 450 1902 psisse
496 1851 803 1890 Artemidorum:
853 1853 1038 1899 primum,
1080 1851 1178 1899 quod
1218 1866 1267 1889 ex
1304 1853 1495 1899 prooemio
1531 1859 1700 1901 apparet,

323 1927 410 1969 post
438 1919 696 1968 longissimam
723 1920 992 1956 cunctationem
1022 1921 1184 1955 animum
1224 1919 1270 1956 ad
1307 1919 1543 1956 scribendum
1582 1933 1700 1968 appu-

324 1987 443 2036 lisse,
492 1986 533 2025 h.
574 2000 609 2024 e.
647 1987 693 2024 ad
732 1986 896 2024 edendas
939 1986 1214 2023 observationes
1250 1987 1364 2035 longa
1401 1988 1700 2035 peregrinatione

327 2056 634 2103 experientiaque
656 2060 899 2101 comparatas.
959 2052 1072 2101 Tum,
1102 2054 1202 2101 quod
1227 2054 1566 2092 TERTULLIANUS
1587 2067 1700 2102 quem

327 2124 396 2160 sub
427 2121 569 2160 Severo
598 2120 695 2169 Imp.
726 2122 765 2157 in
795 2121 965 2159 confiniis
995 2122 1115 2158 seculi
1143 2120 1195 2158 ΙΙ.
1240 2127 1278 2158 et
1305 2120 1375 2158 ΠΙ.
1406 2121 1578 2159 floruisse
1608 2122 1700 2159 satis

328 2196 499 2237 constat,
525 2203 609 2226 cum
639 2190 870 2226 somniorum
898 2190 1121 2236 interpretes
1147 2191 1410 2237 emmeratc),
1450 2187 1578 2226 Nostri
1615 2189 1702 2226 nul-

328 2257 404 2294 lam
432 2258 520 2294 facit
545 2257 784 2292 mentionem.
846 2254 956 2305 Quae
984 2256 1215 2293 ratiocinatio
1244 2257 1278 2293 si
1309 2256 1368 2292 cui
1397 2270 1514 2304 aeque
1543 2269 1586 2293 ac
1609 2254 1702 2293 mihi

328 2324 571 2373 probabitur,
610 2328 650 2359 ut
679 2323 808 2370 paullo
838 2322 978 2360 dictum
1016 2323 1145 2360 laxius
1173 2323 1354 2372 accipiet,
1395 2334 1479 2360 cum
1506 2321 1599 2361 Nlc.
1628 2320 1701 2360 R1-
1728 2348 1738 2352 -

374 2445 407 2486 a)
432 2447 473 2478 L.
499 2448 530 2478 1.
556 2457 627 2487 cap.
654 2444 710 2477 28.
735 2456 808 2487 pag.
832 2447 889 2476 26.
914 2454 945 2477 et
969 2458 998 2477 c.
1023 2445 1079 2477 64.
1114 2457 1187 2488 pag.
1212 2445 1268 2477 55.
1317 2447 1412 2488 Quae
1443 2447 1516 2479 loca
1547 2447 1701 2488 allegan-

422 2512 479 2534 tur
502 2515 520 2532 a
547 2499 628 2532 Nic.
659 2497 828 2543 Rigalcio
856 2503 890 2533 in
918 2503 1006 2533 uotis
1028 2502 1071 2533 ad
1096 2503 1365 2544 inscriptionem.

376 2555 414 2596 b>
446 2557 624 2591 videndus
657 2554 739 2588 Aac.
777 2555 992 2598 Spartianus
1017 2555 1207 2590 Hadriano
1240 2570 1309 2601 cap.
1346 2557 1405 2591 27.
1439 2565 1472 2591 et
1495 2558 1700 2592 Commentt.

422 2614 464 2644 ad
499 2614 531 2643 li.
559 2615 582 2644 Ι.

377 2670 411 2707 c)
435 2671 512 2701 Lib.
539 2669 581 2700 de
605 2671 717 2700 anima
751 2680 780 2700 c.
804 2669 860 2700 36.
