1740 3095
298 158 391 200 670
648 171 717 200 ως
753 171 961 206 AETATE
997 173 1063 202 ET
1101 173 1341 204 AUCTORE

297 298 335 330 et
359 290 653 330 Valentinianus
684 293 742 340 a),
785 293 849 340 qui
878 305 1029 330 servum
1059 307 1127 332 seu
1155 295 1378 344 ingenuum,
1417 297 1578 336 invitum
1606 311 1675 337 seu

296 361 469 414 suasione
509 374 559 397 ex
595 360 696 396 cultu
726 358 962 398 Christianae
996 362 1192 410 religionis
1228 364 1267 399 in
1303 364 1500 402 nefandam
1534 373 1675 404 sectam

293 429 453 466 ritumve
489 428 738 465 traduxisset:
776 428 864 475 quid
902 436 1076 476 putemus
1113 430 1172 467 illi
1212 431 1372 480 factum,
1414 434 1477 480 qui
1507 440 1674 481 apertam

293 495 389 533 adeo
419 496 683 532 contumeliam
710 496 848 534 inferre
880 495 1105 535 Christianis
1135 505 1235 536 esset
1265 502 1410 542 ausus?
1469 499 1674 548 Relinqui-

293 571 355 601 tur
402 565 539 611 igitur,
595 564 664 600 sub
704 562 937 611 Imperatore
963 563 1418 616 Constantinopolitano,
1473 568 1537 615 qui
1573 568 1675 606 idem

293 632 444 681 gentilis
482 636 605 679 esset,
643 644 828 668 venenum
865 645 978 680 suum
1010 633 1188 671 effudisse
1225 632 1507 682 Philopatridos
1547 642 1674 673 aucto-

291 713 399 748 rem,
445 700 514 736 sub
550 713 623 747 quo
664 699 809 736 scilicet
852 713 934 736 non>
956 702 1115 748 ,impune
1152 702 1281 739 ‘solum
1318 701 1359 739 id
1395 703 1540 740 laturus
1579 709 1675 751 erat,

291 766 359 812 sed
400 767 566 804 savorem
609 767 721 809 etiam
760 773 797 804 et
834 767 929 805 forte
968 768 1064 808 (lona
1103 770 1317 810 meriturus.
1388 769 1508 807 Alius
1547 778 1674 808 autem

289 849 366 872 non
406 835 591 883 occurrit,
638 848 749 882 quam
787 833 960 873 Julianus
998 835 1211 884 Apostata,
1252 852 1327 885 quo
1363 836 1595 886 Imperatore
1636 843 1674 876 et

289 904 480 942 licentiam
518 902 674 952 habuit,
719 909 757 940 ‘et
793 905 984 955 proposita
1015 906 1211 955 praemia,
1255 907 1426 954 quisquis
1454 905 1523 943 lias
1551 917 1673 954 nugas

290 971 477 1019 procudit.

375 1036 584 1076 XXXIII.
632 1036 783 1079 Deinde
828 1040 984 1077 victoria
1023 1039 1069 1078 de
1110 1038 1265 1088 Persis,
1311 1053 1406 1087 quae
1449 1039 1519 1076 sub
1559 1039 1675 1077 finem

293 1106 436 1153 dialogi
468 1105 707 1153 celebratur,
748 1113 787 1149 et
827 1108 1060 1144 occasionem
1097 1106 1293 1143 scribendo
1330 1107 1480 1144 dedisse
1511 1106 1674 1155 videtur,

290 1176 323 1212 si
352 1176 391 1211 in
421 1173 702 1221 quemnaliilin,
740 1174 779 1210 in
806 1172 1001 1215 Jzulianum
1031 1182 1131 1212 certe
1162 1175 1346 1211 convenit.
1397 1173 1497 1223 ¹Jam
1526 1174 1572 1211 ab
1600 1175 1674 1212 ini-

289 1243 342 1280 tio
383 1242 546 1288 suscepti
585 1241 735 1288 imperii
773 1251 906 1290 magua
939 1243 975 1278 vi
1002 1242 1281 1289 expeditionem
1312 1240 1501 1279 Persicam
1529 1242 1668 1280 moliez-

288 1311 415 1356 batur,
456 1322 596 1357 eosque
626 1309 672 1346 ab
701 1309 807 1346 initio
836 1322 1030 1347 successus
1060 1309 1230 1346 fortunae
1256 1308 1411 1358 habuit,
1454 1311 1518 1357 qui
1549 1310 1668 1357 epini-

288 1379 346 1415 cio
385 1378 515 1424 utique
546 1383 671 1414 esseut
699 1376 814 1425 dig-ui.
874 1376 917 1415 Si
946 1377 1041 1415 nihil
1070 1377 1197 1424 aliud,
1238 1390 1415 1426 magnum
1445 1383 1545 1414 certe
1577 1383 1670 1424 erat,

287 1446 446 1483 desiisse
474 1443 686 1481 Romanum
716 1445 918 1492 imperium
945 1446 1044 1483 vinci
1075 1459 1095 1482 a
1125 1443 1253 1482 Persis
1270 1473 1281 1492 ,
1313 1451 1350 1481 et
1379 1445 1528 1481 vincere
1557 1457 1670 1492 posse

286 1515 423 1551 iterum
463 1511 665 1558 didicisse,
708 1519 904 1560 postquam
942 1513 1143 1550 infeliciter
1181 1511 1275 1548 adeo
1312 1510 1551 1549 Constantius
1590 1525 1670 1549 rem

287 1581 466 1618 adversus
512 1579 812 1617 crudelissimam
860 1586 1009 1629 gentem
1048 1586 1228 1629 gesserat.
1297 1577 1427 1616 Placet
1465 1577 1673 1616 EUTR01‘11

287 1649 400 1686 verba
429 1645 495 1695 X,
527 1651 568 1685 6.
599 1648 685 1694 quia
715 1654 800 1684 sunt
825 1648 1065 1696 brevissima,
1096 1647 1330 1684 adscribere:
1368 1645 1541 1684 Diversa
1572 1645 1672 1684 Gon-

285 1717 422 1754 sicmtii
445 1716 623 1766 fortuna
651 1715 757 1765 sicit.
817 1714 866 1751 A
890 1715 1023 1752 Persis
1060 1717 1161 1751 enim
1199 1715 1320 1752 multa
1349 1724 1385 1751 ct
1410 1716 1554 1763 gravia
1575 1728 1672 1762 pet·-

280 1797 443 1832 pessms,
479 1796 594 1829 saepe
621 1783 747 1828 captis
774 1780 948 1829 oppidis,
992 1781 1153 1819 obsessis
1182 1781 1362 1830 urbibus,
1402 1783 1526 1820 caesis
1552 1794 1672 1819 exer-

282 1850 423 1890 citibus
436 1865 450 1889 .·
488 1849 711 1899 nullumque
747 1850 782 1885 ei
821 1858 957 1886 contra
984 1848 1175 1897 Saporem,
1208 1863 1440 1897 prosperum
1472 1848 1671 1896 praelium

276 1920 393 1972 fuit,
441 1918 518 1957 nisi
556 1914 661 1967 quod
695 1915 806 1963 apud
842 1916 1082 1966 Singaram,
1133 1914 1242 1953 baud
1275 1915 1433 1953 dubiam
1470 1917 1669 1954 victoriam

275 1987 443 2040 ferocia
474 1983 636 2022 militum
664 1986 806 2022 anzise't.
870 1982 961 2021 Post
990 1982 1057 2021 has
1088 1983 1212 2021 clades
1242 1984 1371 2031 utique
1401 1983 1669 2022 contemnenda

286 2068 362 2092 non
399 2058 527 2098 erant,
567 2065 664 2100 quae
691 2050 866 2089 Julianus
895 2052 999 2088 brevi
1027 2050 1120 2088 adeo
1149 2057 1318 2099 tempore
1346 2052 1508 2090 feliciter
1535 2052 1668 2101 gessit.

286 2120 427 2161 Facilis
468 2120 575 2157 labor
613 2125 733 2166 esset,
782 2118 850 2157 sed
887 2119 1044 2155 nimium
1081 2119 1284 2156 lectoribus
1323 2119 1484 2168 longus,
1533 2132 1667 2167 parum

287 2194 437 2236 autem,
485 2186 534 2224 ad
573 2185 669 2223 hanc
710 2185 864 2233 quidem
904 2199 1006 2234 rem,
1057 2187 1313 2234 necessarius,
1363 2200 1413 2224 ex
1449 2184 1667 2224 Ammmm

286 2253 588 2302 Mincnumo,
626 2251 813 2302 Zosnvm,
856 2251 1041 2291 LlnAmo
1053 2250 1116 2303 b),
1156 2260 1194 2291 et
1229 2253 1410 2303 reliquis,
1450 2267 1523 2302 quo
1552 2266 1667 2302 appa-

281 2416 283 2419 ·
332 2376 366 2417 a)
392 2377 433 2409 L.
458 2377 491 2408 5.
517 2375 604 2409 Cod.
630 2375 673 2408 de
699 2375 879 2418 Apostatis‚

330 2434 369 2473 b)
400 2424 626 2466 *Orationibus
673 2431 804 2465 duabus
849 2434 884 2464 in
916 2432 1045 2463 Juliani
1079 2443 1197 2463 necem
1232 2432 1373 2471 habilis,
1415 2444 1499 2475 quae
1533 2433 1575 2464 T.
1612 2431 1663 2466 Il.

375 2492 494 2521 locum
526 2490 612 2520 inter
637 2500 734 2531 opera
759 2487 855 2530 ejuS‚
889 2495 928 2519 ut
949 2497 1028 2519 suut
1051 2500 1067 2519 a
1093 2485 1262 2519 Morello
1287 2488 1391 2524 edita,
1427 2489 1590 2521 obtinent.
1618 2489 1661 2520 It.

377 2544 421 2576 de
453 2536 520 2577 vita
550 2556 608 2576 sua
632 2557 666 2586 p.
689 2544 744 2576 44.
768 2556 836 2586 seq.
862 2544 906 2576 Τ.
933 2543 983 2575 II.
1009 2544 1119 2576 Multa
1143 2544 1185 2575 de
1208 2543 1331 2576 iisdem
1354 2545 1454 2576 rebus
1477 2544 1570 2576 idem
1592 2541 1663 2576 Lx·-

379 2597 507 2633 bunius
543 2603 578 2633 in
603 2601 699 2634 Orat.
732 2599 774 2632 de
797 2600 926 2633 Juliani
949 2611 1028 2633 nece
1052 2600 1267 2642 ulciscenda,
1300 2608 1333 2632 et
1361 2600 1661 2643 alterafparentali,
