1740 3095
300 133 396 179 674
689 146 762 176 m:
797 144 1004 175 AETATE.
1038 143 1107 176 m·
1143 143 1384 176 „merone
1436 145 1438 148 ·

1737 239 1739 251 ι

301 269 410 323 liani,
439 267 623 318 imprimis
651 264 910 304 Alexandriae
938 265 1138 314 aliquoties
1164 265 1337 314 ingentes
1365 265 1517 316 turbae,
1547 266 1682 305 caedes
1738 260 1739 266 ἵ

303 328 417 364 etiam
447 333 485 363 et
514 324 663 362 aedium
691 324 1014 371 expugnationes,
1045 335 1093 360 ex
1121 322 1355 360 dissensione
1383 322 1616 361 Arianorum
1645 332 1683 362 et
1738 322 1740 348 ³

304 389 405 421 recte
443 382 712 427 sentientium,
752 379 820 417 sed
855 386 957 416 recte
994 392 1069 415 non
1104 392 1252 427 semper
1280 380 1484 431 viventium
1512 388 1683 429 exortae,
1735 407 1736 417 2

305 441 468 490 graviter
495 439 627 475 urbem
655 437 761 474 illam
789 443 827 473 et
854 435 1121 483 rempublicam
1147 441 1436 473 concusserunt:
1473 436 1520 473 de
1549 438 1685 484 quibus
1735 436 1737 440 ’

305 510 414 534 nemo
455 495 596 541 tacuit,
635 494 700 541 qui
739 493 786 530 de
815 491 973 529 historia
1002 490 1264 530 Ecclesiastica
1292 492 1446 529 illorum
1474 499 1684 540 temporum
1739 525 1740 529 ,

307 554 446 600 scripto
484 549 625 598 aliquid
664 550 878 587 mandatum
912 549 1077 596 reliquit.
1134 548 1330 586 Habentur
1359 551 1473 586 etiam
1503 550 1686 597 epistolae
1737 577 1738 583 ,

307 610 452 656 aliquot
477 605 721 655 Imperatoris
748 604 889 644 Juliani
924 604 971 642 ad
1000 606 1181 653 populum
1210 604 1546 651 Alexandrinum,
1589 607 1685 643 iuter

307 666 458 714 reliqua
487 666 570 713 ejus
601 677 714 711 opera
744 662 866 700 editae
883 690 894 710 ,
935 663 1070 709 quibus
1099 663 1262 711 graviter
1289 675 1332 699 ea
1360 662 1405 700 de
1436 675 1568 700 caussa
1595 663 1686 699 illos

309 723 496 771 objurgat.
566 720 768 760 Probabile
798 720 914 768 igitur
939 725 1019 766 est,
1060 726 1124 756 aut
1153 720 1315 767 agitasse
1343 717 1536 756 Julianum
1567 720 1688 756 consi·
1738 720 1740 728 ⁸

308 780 361 817 lia
397 779 445 816 de
485 776 753 826 compescenda
787 783 898 823 atque
928 775 1170 823 opprimenda
1197 777 1235 811 in
1266 783 1488 822 perpetuum
1514 775 1582 812 illa
1609 776 1688 812 aui-

308 849 457 874 morum
485 834 532 871 ad
562 834 765 873 seditiones
791 833 1049 881 proclivitate,
1081 839 1146 869 aut
1170 831 1370 871 Cleolaum
1399 839 1499 869 certe
1526 838 1689 880 optasse,

309 906 424 942 grave
459 891 553 928 adeo
582 894 715 939 jug-um
742 890 884 937 imponi
911 887 1144 938 Aegyptiis,
1182 895 1223 925 ut
1252 889 1320 925 sub
1350 889 1454 925 illius
1483 902 1596 926 onere
1626 902 1690 926 su-

310 950 487 998 perbiae,
528 961 578 986 ex
615 961 689 995 qua
727 946 818 984 oriri
857 945 938 982 fere
972 945 1093 982 solent
1122 945 1368 982 contumeliae
1398 953 1509 993 atque
1538 945 1691 982 seditio-

311 1019 403 1053 nes,
443 1005 767 1041 obliviscerentur.
839 1001 1039 1052 Quomodo
1081 1008 1229 1048 autem,
1285 1015 1380 1048 quae
1422 1001 1468 1038 de
1505 999 1690 1050 Aegypto

310 1061 374 1100 hic
411 1061 607 1107 dicuntur,
651 1073 734 1097 cum
763 1058 996 1096 DonwELu
1021 1058 1226 1103 sementia,
1272 1058 1335 1101 <de
1366 1071 1436 1104 qua
1468 1058 1502 1105 ς.
1539 1060 1604 1094 15.
1636 1057 1691 1094 di-

312 1120 456 1163 ximus)
493 1117 682 1153 conciliari
718 1121 878 1163 queant,
918 1127 993 1150 non
1028 1114 1153 1151 video.
1212 1112 1456 1161 anmxus,
1495 1126 1578 1150 cum
1607 1111 1693 1150 Ae·-

308 1175 421 1224 gypti
445 1174 746 1221 procurationem
774 1172 847 1209 sibi
876 1169 1053 1207 creditam
1082 1170 1196 1207 refert
1210 1169 1262 1218 ³),
1293 1176 1334 1206 ut
1362 1176 1513 1217 pacatae
1541 1171 1693 1217 provin-

315 1233 396 1269 ciae
422 1231 616 1278 meminit,
647 1228 780 1266 eodem
809 1234 1000 1274 tempore,
1043 1241 1116 1275 quo
1146 1228 1219 1263 ista
1247 1227 1444 1274 scripsisse
1472 1226 1585 1263 illum
1612 1226 1694 1264 vult

313 1286 605 1334 Donwssnnus3
649 1291 685 1322 et
716 1280 1055 1330 SPARTIANUsb),
1101 1297 1174 1331 quo
1205 1283 1288 1320 loco
1319 1283 1591 1331 persecutionis
1629 1282 1694 1319 ad-

314 1357 465 1382 versum
495 1341 729 1380 Christianos
769 1341 939 1378 decretae
969 1341 1158 1387 meminit,
1200 1341 1327 1377 statim
1356 1341 1498 1388 gratiae
1526 1338 1694 1387 Impera-

315 1402 433 1438 toriae
482 1399 681 1437 adversum
726 1396 1037 1445 Alexandrinos,
1084 1398 1366 1446 Aegyptiorum
1409 1396 1489 1434 fere
1538 1398 1693 1444 primos,

314 1458 506 1506 specimen
535 1456 669 1504 affert,
712 1457 772 1501 jus
800 1453 1059 1490 Balentarum
1087 1453 1167 1490 illis
1198 1451 1435 1490 attributum.
1495 1451 1575 1490 Sed
1603 1466 1695 1490 non-

315 1514 404 1567 dtnn
444 1527 466 1550 a
494 1511 733 1551 DonwssLLo
768 1510 933 1548 discedo.
1005 1508 1164 1547 Putabat
1202 1511 1301 1547 enim
1340 1510 1399 1546 vir
1437 1508 1694 1556 doctissimus,

316 1570 418 1620 quod
446 1568 598 1606 Arabes
633 1570 730 1606 inter
768 1566 897 1605 hostes
937 1567 1086 1614 imperii
1118 1565 1278 1604 Romani
1320 1566 1552 1614 reserantur,
1593 1566 1696 1603 clare

319 1627 412 1665 satis
444 1626 622 1675 indicare,
653 1623 796 1662 Severo
828 1624 1036 1671 imperante
1065 1624 1247 1670 scriptum
1273 1621 1533 1671 Philopatrin,
1562 1629 1603 1659 ut
1631 1623 1696 1670 qui

320 1689 406 1732 post
434 1681 640 1729 Trajanum
669 1681 774 1718 solus
799 1677 949 1717 Arabas
981 1680 1081 1717 bello
1108 1680 1298 1727 petiverit.
1354 1678 1405 1716 Et
1432 1679 1580 1729 fateor,
1618 1680 1697 1716 vim

317 1738 420 1777 haud
459 1740 635 1787 exiguam
673 1735 787 1783 hujus
825 1736 1035 1783 argumenti
1073 1736 1258 1783 futuram,
1296 1737 1369 1773 nisi
1409 1735 1505 1774 aliae
1532 1736 1696 1773 rationes

319 1795 573 1843 adjudicarent
611 1793 779 1830 Luciano
822 1790 1081 1839 Philopatrin,
1138 1799 1249 1839 atque
1285 1790 1430 1829 Juliani
1467 1793 1695 1841 temporibus

319 1852 562 1890 vindicarent.
621 1849 732 1900 Quae
762 1862 846 1886 cum
872 1849 922 1884 ita
950 1849 1044 1895 sint,
1075 1848 1166 1885 vitio
1196 1849 1290 1885 verti
1319 1849 1428 1885 nobis
1455 1862 1530 1886 non
1558 1855 1696 1898 potest,

321 1910 354 1947 si
395 1908 442 1945 ad
480 1921 585 1956 spem
617 1904 763 1943 Cleolai
798 1904 1028 1951 refer-amm,
1072 1917 1166 1951 quae
1196 1904 1242 1941 de
1270 1902 1489 1952 Arabibus,
1531 1906 1697 1953 inquieta

324 1970 436 2015 gente
476 1970 512 2002 et
541 1964 747 2001 latrociniis
777 1961 928 2009 infami,
969 1957 1148 1998 Cleolaus
1177 1960 1353 2008 spondet:
1401 1961 1591 2008 imprimis
1613 1974 1697 1998 cum

320 2018 393 2071 τὴν
444 2017 678 2069 οἶκονμὲιήν
730 2014 1037 2068 περιιόουμέιήν
1077 2030 1126 2054 ex
1164 2015 1436 2054 NizuNzENo
1477 2017 1694 2056 viderimus.

319 2076 432 2116 Licet
462 2078 561 2115 enim
592 2076 746 2114 Petraea
777 2073 924 2112 Arabia
952 2075 1028 2121 jam
1057 2086 1078 2110 a
1108 2071 1270 2121 Trajano
1299 2073 1448 2111 redacta
1475 2075 1545 2123 sit3
1574 2080 1697 2112 tamen

320 2133 509 2174 Nomades
557 2133 614 2170 illi
666 2139 702 2169 et
741 2130 911 2168 Scenitae
951 2128 1131 2177 Arabes,
1180 2131 1219 2166 in
1260 2131 1394 2178 quibus
1430 2136 1468 2168 et
1505 2129 1697 2180 Saraceni,

321 2192 445 2239 subigi
481 2203 554 2228 non
585 2195 798 2237 potuerunt.
871 2185 934 2223 De
964 2193 1121 2234 utraque
1150 2184 1296 2224 Arabia
1325 2200 1421 2234 quae
1449 2186 1547 2225 dicta
1571 2194 1698 2225 nostra
1736 2219 1740 2227 .

320 2248 470 2286 firment
518 2245 675 2294 protulit
712 2258 733 2282 e
773 2244 852 2282 suis
889 2241 1078 2281 thesauris
1116 2240 1189 2281 Ez.
1231 2241 1507 2281 SrAmlius
1521 2244 1579 2293 0),
1634 2244 1699 2293 qui

412 2380 455 2412 ad
491 2379 577 2412 Cod.
603 2376 737 2410 The-od.
762 2378 802 2409 L.
829 2379 862 2409 1.
897 2376 940 2408 de
964 2376 1200 2409 defensoribus
1225 2377 1315 2410 civit.
1340 2377 1381 2410 L.
1403 2378 1438 2409 3.
1465 2376 1507 2409 de
1530 2377 1603 2418 his,
1636 2379 1696 2421 qui

413 2438 514 2468 super
547 2426 644 2466 relig.
680 2424 720 2455 L.
757 2424 855 2455 unica
888 2421 930 2453 de
956 2423 1025 2462 his,
1062 2424 1119 2464 qui
1145 2423 1280 2465 plebem
1306 2423 1450 2462 audent,
1486 2422 1632 2465 denique
1655 2417 1696 2455 L.

412 2473 468 2503 31.
502 2470 543 2501 de
578 2470 652 2509 his,
685 2479 833 2509 quornm
859 2469 1118 2510 appellationes,
1153 2479 1271 2510 magua
1297 2469 1462 2500 industria
1487 2477 1520 2499 et
1543 2468 1695 2501 doctrina

411 2515 670 2558 incomparabili
696 2514 883 2554 congessit,
908 2524 993 2554 quae
1017 2513 1084 2545 huc
1106 2514 1345 2547 transscribere
1364 2514 1457 2546 ,nihil
1479 2514 1606 2546 attinet.
1736 2507 1740 2512 ⁴

367 2559 402 2600 a)
426 2561 529 2603 Apol.
553 2570 620 2600 pro
644 2555 812 2591 Mer-ced.
841 2555 955 2590 Cond.
980 2569 1009 2590 c.
1035 2560 1092 2591 12.

370 2605 408 2643 b)
431 2604 471 2637 Iu
495 2606 620 2637 Severo
643 2616 715 2646 cap.
746 2605 799 2634 17.

368 2649 403 2689 ο)
427 2650 486 2683 Ad
509 2651 638 2683 Juliaui
661 2649 724 2682 Or.
753 2649 782 2683 Ι.
809 2658 841 2692 p.
868 2647 943 2681 164.
967 2659 1038 2693 seq.
