1768 3125
1354 196 1447 242 115

352 200 1065 237 DsssrnxADzA.

61 312 131 366 τὸς
169 332 210 359 τε
252 314 444 370 κινέεται,
498 321 565 360 καὶ
606 319 680 374 τὴν
726 323 926 376 μαντηΐην
969 323 1009 372 ἒς
1046 322 1160 372 τέλος
1199 320 1443 380 αὖτουργέει.
1467 334 1626 381 p.481.

60 382 210 440 τρόπος
247 386 290 426 δὲ
333 385 458 440 αὐτῆς
485 386 652 436 τοιόςδε.
713 383 799 430 εὖτ’
831 388 881 431 ἂν
918 390 1081 446 εἶθ-ἕλῃσι
1112 394 1443 448 χρησμηγορέειν,

161 452 233 467 uf!

61 452 102 493 ἕν
131 469 180 508 τῃ
210 455 306 508 εδρῃ
338 459 477 509 πρῶτα
509 456 688 497 κινέεται.
751 457 789 497 οἴ
831 457 878 499 δέ
915 475 986 511 μιν
1029 459 1129 513 ἱρέες
1172 460 1315 501 αι”τέκα
1361 461 1445 502 ἀεί-

60 535 190 575 ρουσι.
219 519 268 574 ἢν
285 523 328 562 δὲ
346 522 402 576 μὴ
426 522 598 579 ἀείρωσι,
625 521 645 565 ὃ
671 523 715 565 δὲ
745 523 892 580 ἱδρώει,
922 528 988 566 καὶ
1011 526 1052 575 ἔς
1062 527 1181 579 μέζον
1197 533 1234 578 Ζ)
1250 527 1304 568 ἔτι
1319 529 1444 570 κινέε..

59 603 140 629 ται.
201 583 291 630 εὖτ’
333 588 384 630 ἂν
423 592 466 631 δὲ
508 588 727 641 ὑποδύντες
769 593 943 647 φέρωσι,
989 592 1071 648 ἄγει
1116 595 1264 650 σφέας,
1311 593 1443 652 πάντῃ

1424 661 1438 676 t

58 656 313 709 περιδινείυν,
357 659 422 698 καὶ
453 659 493 707 ἐς
524 657 646 700 ἄλλον
673 661 714 708 ἐξ
753 659 889 715 ἑτέρου
931 663 1206 716 μεταπηδέων.
1267 663 1381 711 τέλος
1419 681 1441 706 ο

57 721 244 778 ἄρχιρεύς
258 731 293 775 ³)
341 724 555 777 ἀντιάσας,
598 726 844 781 ἕπερεέταίῦ)
882 746 953 781 μιν
984 732 1070 785 περὶ
1107 727 1296 772 ἁπάντων
1335 748 1441 786 πρη-

55 789 247 844 γμάτων·
278 789 298 833 ὃ
331 793 375 834 δέ
404 791 452 847 ἤν
482 810 518 834 τι
546 793 603 847 μὴ
636 795 756 850 ἐθέλῃ
770 798 806 849 ⁰)
848 797 1078 848 ποιέεσθαι,
1122 797 1248 839 ὀπίσω
1278 798 1443 853 ἀναχω-

57 858 149 912 ρέει.
209 857 259 912 ἢν
289 859 336 901 δέ
361 877 398 900 τι
429 861 589 916 ἐπαινέῃ
605 861 657 912 d),
701 860 783 917 ἄγει
825 864 866 912 ές
895 863 940 905 τὸ
973 863 1110 920 πρόσω
1139 865 1235 916 τοὺς
1264 867 1442 923 προςᾳέ-

56 941 201 980 ροντας
216 930 274 977 e),
297 924 481 983 ’ὅκωςπερ
510 926 713 982 ἡνιοχέων.
775 928 881 972 οὕτω
911 932 986 984 μὲν
1026 935 1302 988 συναγείρουσι
1318 933 1347 986 f)
1389 934 1442 977 τὰ

53 992 260 1048 &ig-(para,
305 996 371 1035 καὶ
415 994 505 1037 οὔτε
547 995 633 1050 ἱρὸν
663 1001 827 1053 πρῆγμα
858 999 1000 1052 οὐδὲν,
1039 998 1129 1042 οὕτε
1159 1001 1263 1043 ἴδιον
1292 1001 1439 1044 τούτου

53 1057 148 1101 ἄνευ
181 1061 374 1104 ποιέουσι.
434 1064 533 1118 λέγει
565 1065 609 1106 δὲ
637 1067 703 1106 καὶ
734 1069 806 1107 τοῦ
835 1065 942 1116 ἔτεος
971 1067 1073 1124 πέρι,
1105 1069 1171 1110 καὶ
1203 1072 1284 1110 τῶν
1303 1067 1439 1125 ὡρέων

53 1127 180 1170 αὐτοῦ
210 1130 397 1184 πασέων,
427 1133 493 1172 καὶ
522 1130 633 1174 ὁκότε
663 1133 735 1175 οὐκ
751 1140 791 1184 8)
821 1133 995 1178 ἔσονται.
1053 1135 1153 1190 λέγει
1195 1137 1239 1178 δὲ
1267 1139 1335 1178 καὶ
1365 1141 1439 1179 τοῦ

52 1198 229 1251 σημη’ίὀυ
259 1197 370 1254 πέρι,
402 1197 493 1241 κότε
519 1199 600 1257 χρή
628 1219 699 1254 μιν
730 1201 997 1256 ἀποδημέειν,
1035 1203 1110 1258 τὴν
1139 1202 1248 1246 εἶπον
1279 1205 1439 1262 ἀποδη-

140 1289 236 1334 λῃσι..
304 1289 337 1330 z)
373 1290 550 1334 μέζον]
585 1293 703 1336 μέσον
725 1297 817 1327 male
841 1293 960 1328 Reitz.
995 1305 1029 1329 et
1066 1306 1209 1330 recentt.
1242 1310 1323 1332 cum
1346 1297 1435 1332 Bas.

144 1337 177 1367 1.
208 1344 241 1367 et
267 1333 363 1380 Hag.
390 1337 514 1375 Ᾱῒέζον
555 1349 603 1370 est
636 1341 669 1371 in
707 1338 797 1372 Ald.
828 1343 856 1372 1.
882 1344 919 1375 2.
943 1350 977 1374 et
1001 1340 1086 1374 Bas.
1112 1345 1147 1375 3.
1171 1344 1297 1386 μεῖζον
1318 1355 1437 1378 autem.

141 1381 177 1412 in
204 1380 306 1413 Gorl.
333 1385 431 1414 Recte
456 1382 625 1425 judicavit
652 1382 818 1417 Friczsch.
853 1388 879 1418 l.
905 1387 928 1417 1.
1001 1387 1034 1427 a)
1059 1385 1317 1433 ἀρχιρεὺς]
1350 1391 1436 1426 ..Sic

141 1423 229 1457 Bas.
255 1428 285 1456 1.
312 1436 343 1458 et
368 1430 527 1459 emendat
554 1431 603 1460 M.
629 1440 730 1462 recte.
774 1427 972 1474 Ἀρχιερεὺς
996 1432 1085 1465 Edd.
1112 1433 1255 1476 vu!go.“
1298 1435 1438 1477 Nescio,

139 1482 245 1512 quam
281 1469 445 1503 Reiczius
478 1472 719 1505 Basileensem
753 1474 907 1518 primam
940 1477 1044 1510 dicat.
1090 1480 1205 1521 Quam
1239 1482 1333 1512 enim
1372 1493 1437 1523 ego

139 1516 219 1547 dico
243 1519 411 1560 primam,
448 1530 582 1560 quaque
617 1523 686 1562 ipse
711 1530 808 1561 utor,
852 1531 901 1554 est
924 1524 983 1554 illa
1008 1525 1049 1555 ab
1072 1537 1162 1556 auno
1201 1526 1300 1557 1545.
1349 1527 1435 1558 Vid-

141 1561 247 1593 Tom.
274 1563 302 1593 l.
330 1562 405 1604 huj.
436 1564 529 1595 Edit.
557 1577 587 1606 p.
614 1565 713 1596 Clu.
761 1567 807 1597 Ea
833 1577 948 1598 autem
987 1569 1022 1599 h.
1049 1571 1073 1602 l.
1099 1569 1199 1602 habet
1236 1567 1434 1614 ἀρχιερεὺς,

138 1616 178 1639 ιιι
202 1616 280 1639 cett.
322 1608 388 1640 Sed
415 1607 497 1640 Bas.
523 1611 557 1640 3.
594 1606 798 1654 ἀρχηερεύς,
834 1613 1025 1655 typothetae
1048 1626 1176 1646 errore.
1242 1614 1290 1657 h)
1326 1614 1437 1648 ἐπε-

139 1651 338 1696 ρέεται]
376 1651 605 1698 ,βπαιρεέται
631 1653 685 1687 Η.
713 1658 903 1698 Vulgatum
929 1659 1048 1698 probat
1072 1659 1148 1691 M.“
1195 1659 1228 1701 c)
1265 1659 1433 1706 ἐθέλῃ]

139 1699 197 1729 δὶα
231 1698 280 1729 M.
317 1708 350 1731 et
386 1697 439 1731 Fl.
479 1701 520 1731 ln
555 1703 697 1743 reliquis
738 1701 840 1745 θέλῃ.
910 1700 958 1744 d)
1002 1702 1235 1749 ἐπαινέῃ]
1279 1703 1434 1751 ἀπαινέῃ

137 1741 225 1775 Bas.
252 1745 283 1775 1.
357 1742 400 1786 e]
436 1746 842 1789 προςφέροντας]
885 1748 966 1788 „Sic
988 1757 1021 1780 et
1045 1750 1096 1782 M.
1122 1763 1203 1783 eum
1230 1749 1284 1783 Fl.
1313 1750 1373 1784 Fr.
1397 1754 1433 1785 J.

139 1785 224 1820 Par.
248 1788 336 1820 etc-‘⁴
359 1785 536 1834 “Υποφέρ.
563 1794 699 1825 volebat
717 1789 857 1837 Guyet.
882 1794 1040 1837 προφέρ.
1069 1793 1198 1828 Solan.
1244 1794 1288 1838 f)
1313 1805 1435 1829 συν-

139 1833 426 1878 αγείρουσι]
472 1836 692 1882 συντηροῦσι
744 1838 839 1883 conj.
890 1836 1030 1882 Guyet.
1121 1838 1170 1884 g)
1214 1839 1325 1885 οὐκ]
1366 1853 1433 1876 κου

47 1912 313 1959 divinationem
351 1916 398 1954 ad
442 1916 556 1955 finem
596 1931 717 1966 usque

47 1970 154 2008 solus
176 1971 360 2020 perducit.
401 1971 542 2011 Modus
563 1972 623 2011 hic
644 1982 714 2013 est.

48 2024 146 2064 Cum
186 2029 268 2065 vult
306 2029 466 2068 reddere
505 2032 715 2080 oraculum,

48 2083 88 2121 in
117 2083 207 2122 sede
231 2086 394 2133 primum
428 2100 497 2124 sua
527 2094 713 2126 movetur.

47 2137 273 2178 Sacerdotes
300 2155 392 2179 vero
434 2144 561 2191 ipsxun
596 2145 714 2181 couti-

46 2208 121 2233 nuo
149 2197 300 2235 tollunt.
348 2196 391 2235 Si
418 2212 509 2237 vero
543 2213 618 2237 nou
641 2200 715 2238 tol-

45 2251 149 2301 lant,
182 2253 248 2290 ille
269 2253 402 2304 sudat,
440 2262 477 2293 et
495 2257 616 2305 magis
644 2257 715 2294 eti-

46 2321 108 2346 am
130 2316 315 2348 movetur.
359 2309 454 2349 Cum
478 2326 570 2350 vero
603 2313 714 2351 sube-

45 2371 156 2403 untes
229 2380 324 2404 ouus
387 2368 515 2416 ipsum
571 2369 714 2419 serunt,

46 2423 126 2471 agit
152 2422 244 2460 illos
272 2437 392 2472 usque
421 2439 569 2473 quaque
592 2426 631 2463 in
653 2440 715 2464 or-

44 2477 155 2527 bem,
209 2487 248 2516 et
289 2481 328 2516 in
374 2481 491 2518 alium
541 2495 591 2520 ex
637 2483 713 2521 alio

46 2535 221 2572 transilit.
251 2534 419 2575 Tandem
444 2538 630 2576 obsistens
653 2552 713 2577 sa-

45 2591 238 2630 cerdotum
282 2595 457 2642 princeps
507 2596 714 2645 interrogat

45 2647 157 2685 illum
185 2647 233 2686 de
271 2650 385 2688 rebus
428 2651 613 2690 omnibus.
654 2651 713 2690 Is-

47 2717 136 2752 que,
178 2706 211 2743 si
235 2706 330 2746 nolit
356 2706 456 2759 fieri,
488 2708 712 2760 retrocedit3

762 1920 796 1957 si
824 1933 914 1958 vero
943 1919 1090 1970 probet,
1120 1928 1331 1961 auti-orsum
1353 1912 1433 1973 agit

762 1989 851 2014 suos
880 1977 1042 2025 baquOS,
1072 1984 1249 2026 tanquam
1274 1978 1432 2019 habenis

762 2034 907 2082 auriga.
965 2031 1025 2071 Ita
1051 2034 1235 2084 colligunt
1265 2037 1431 2085 oracula,

761 2096 799 2127 et
846 2103 970 2138 neque
1007 2103 1152 2128 sacram
1189 2106 1273 2130 rem
1313 2094 1432 2132 ullam

759 2159 883 2194 neque
931 2147 1114 2194 privatam
1149 2149 1231 2186 sine
1269 2148 1342 2188 hoc
1375 2150 1434 2188 sa·-

760 2203 876 2241 ciunt.
904 2201 1093 2241 Praedicit
1112 2205 1224 2242 etiam
1248 2205 1296 2243 de
1318 2220 1431 2254 anno,

760 2259 1009 2308 omnibusque
1046 2261 1151 2299 illius
1195 2264 1434 2310 tempestati-

759 2315 857 2365 bus,
898 2322 936 2354 et
976 2317 1123 2365 quando
1167 2332 1242 2355 non
1280 2319 1433 2359 futurae

759 2373 853 2409 siut:
881 2373 972 2410 item
1000 2374 1181 2422 praedicit
1212 2374 1259 2412 de
1294 2373 1431 2426 Signo,

760 2428 907 2477 quando
948 2443 1054 2478 eam,
1099 2444 1213 2478 quam
1259 2430 1430 2470 dicebam

759 2484 899 2535 modo,
932 2487 1204 2534 profectionem
1233 2489 1429 2536 suscipiat.

758 2540 928 2580 Narrabo
979 2544 1094 2581 etiam
1150 2543 1276 2591 aliud,
1327 2545 1430 2592 quod

756 2611 819 2637 me
857 2606 1054 2647 praesente
1092 2601 1184 2648 egit.
1243 2597 1429 2639 Sacerdo-

758 2661 815 2692 tes
844 2656 1033 2693 sublatum
1050 2656 1232 2693 ferebant.
1263 2654 1321 2693 At
1344 2659 1429 2706 ipse

757 2712 847 2751 illos
887 2710 994 2751 humi
1028 2713 1210 2764 reliquit,
1254 2712 1429 2755 sublimis
