1740 3095
312 155 413 199 370
610 168 1373 201 ADNOTATloNBs

310 288 405 328 hanc
446 300 530 328 esse
566 289 750 337 formam,
789 296 859 326 nec
888 286 969 326 ulla
998 289 1141 327 ratione
1174 289 1459 340 explicabilem,
1503 289 1679 340 equidem

309 355 430 396 habeo
467 368 705 405 persuasum.
759 353 861 408 Quis
893 356 993 393 enim
1025 369 1190 404 unquam
1218 358 1401 396 audiverit
1427 359 1473 396 de
1498 359 1679 396 vocabulo

311 421 519 474 κερατίνας
535 423 678 472 primae
696 422 976 471 declinationis,
1007 423 1217 462 Cornutum
1235 433 1403 464 nostrum
1420 426 1678 476 significante?

309 491 398 531 Dici
426 492 527 530 enim
557 491 626 529 ille
653 491 752 528 solet
780 485 1003 543 κεράτινος,
1034 498 1099 529 aut
1119 492 1297 531 feminine
1320 493 1521 545 κερατίνη,
1551 500 1593 531 ut
1617 507 1678 541 ap.

310 559 434 607 Diog.
462 556 601 597 Laert.
630 559 669 596 in
689 557 846 597 Zenone
874 565 914 597 et
932 557 1118 598 Diodoro.
1176 558 1327 598 Poterat
1356 563 1468 599 etiam
1496 559 1681 612 κερατιάς

311 626 457 666 andire.
512 624 629 679 Quae
654 625 917 680 Quinctilicmo
952 625 1048 666 Inst.
1080 625 1193 666 Orat.
1226 626 1272 675 I,
1313 633 1390 677 10,
1436 632 1476 668 5.
1533 627 1678 677 Spald-

309 695 483 733 dicuntur
504 695 703 732 ceratinae
727 701 767 732 et
792 692 1051 732 crocodilinae
1079 695 1165 743 (int.
1195 696 1480 745 ambiguitates,
1509 709 1541 734 s.
1566 704 1680 744 quae-

309 763 483 812 stiones),
510 760 572 800 his
590 762 746 800 subsunt
765 761 942 800 feminina
964 760 1108 800 Graeca
1129 760 1310 814 κερατίνη
1337 770 1375 800 et
1394 760 1678 814 κροκοόειλίνη.

309 827 414 869 Hinc
434 831 511 877 iam
539 830 730 877 optionem
758 829 854 867 dabo
887 829 1097 879 corrigendi
1127 828 1168 868 h.
1203 830 1231 868 l.
1259 836 1322 867 aut
1350 825 1578 881 κεράτινον,
1617 836 1682 868 aut

309 895 540 947 κερατίνην,
568 902 632 934 aut
661 897 822 945 denique
853 894 1062 948 κερατίαν,
1091 896 1189 934 nihil
1214 898 1296 945 ipse
1318 897 1547 935 discernens.
1605 896 1682 936 ce-

309 971 432 1005 terum
462 977 575 1013 quem
604 964 727 1002 locum
754 964 925 1003 Salanus
955 978 1005 1003 ex
1028 963 1090 1003 Α.
1125 964 1248 1002 Gellio
1279 965 1390 1013 dicit,
1428 971 1486 1002 est
1513 964 1603 1013 ille,
1641 967 1680 1002 ni

308 1032 445 1082 fallor,
474 1030 601 1070 Noctt.
620 1029 706 1069 Att.
729 1031 901 1083 XVIII,
932 1038 999 1082 2.‚
1029 1046 1113 1070 cum
1142 1046 1214 1080 quo
1246 1031 1339 1069 haee
1368 1031 1560 1069 Lucianea
1595 1045 1682 1069 con-

309 1100 400 1138 ferri
426 1104 608 1147 poterunt·
619 1105 768 1147 praeter
787 1099 910 1139 Diall.
930 1097 1065 1137 Mortt.
1095 1104 1113 1137 1
1132 1126 1144 1147 ,
1174 1103 1214 1136 2.
1240 1106 1278 1136 et
1297 1097 1380 1135 Vit.
1400 1097 1517 1136 Auct.
1542 1112 1573 1136 c.
1596 1103 1680 1148 22„

309 1180 407 1218 quae
435 1168 512 1216 jam
537 1165 703 1204 laudavit
727 1166 918 1216 Solanus,
946 1168 1064 1204 etiam
1089 1164 1228 1204 Piscat.
1258 1170 1324 1204 11.
1345 1164 1520 1204 Hermot.
1548 1180 1582 1204 c.
1611 1171 1681 1205 81.

309 1240 349 1274 et
370 1232 503 1274 somn.
532 1246 565 1273 s.
589 1230 694 1272 Gall.
717 1247 750 1272 c.
773 1237 837 1272 11.
878 1233 1027 1273 me.

391 1300 490 1343 ibid.
520 1297 807 1353 Σωρείτην]
838 1299 939 1340 Satis
968 1299 1160 1339 commode
1185 1307 1332 1338 enarrat
1356 1298 1560 1339 Scholiast.
1618 1298 1681 1338 De

309 1366 382 1409 hoc
408 1369 487 1409 vid.
515 1367 639 1418 Diog.
666 1367 806 1407 Lab'rt.
833 1370 863 1408 l.
889 1370 953 1407 cit.
991 1368 1152 1408 Sonitu.

393 1434 483 1476 ead.
521 1435 552 1476 l.
583 1441 624 1476 6.
665 1434 1000 1489 Θερίζοντα]
1044 1434 1159 1473 Plut.
1200 1438 1332 1483 1019,
1378 1440 1415 1473 1.
1460 1430 1573 1485 ἀργοὶ
1614 1433 1681 1471 καὶ

308 1502 533 1559 θερίζοντες
572 1498 682 1555 λόγοι
719 1503 786 1542 καὶ
823 1498 844 1543 ὁ
880 1499 992 1555 παρὰ
1019 1499 1092 1553 τὴν
1121 1498 1361 1552 εἱμαρμένην
1391 1497 1682 1550 ὀνομαζόμενος

310 1568 449 1625 λόγος,
486 1569 721 1624 σοφίσματα
761 1565 818 1617 ὡς
859 1566 1028 1621 ἀληθῶς
1067 1576 1139 1608 etc.
1197 1567 1324 1608 Habet
1367 1583 1516 1619 quoque
1559 1565 1681 1620 ἀργὸν

308 1635 428 1692 λόγον
465 1638 534 1678 Μ.
574 1638 731 1677 Tullius
767 1638 815 1677 de
853 1639 946 1676 fato.
974 1636 1096 1686 Diog.
1126 1634 1266 1675 Lcae'rt.
1306 1637 1336 1675 l.
1379 1651 1413 1675 c.
1452 1636 1530 1675 vid.
1568 1650 1682 1685 supra

308 1705 397 1746 Via.
424 1705 540 1745 Auct.
569 1719 604 1744 c.
635 1709 704 1744 22.
741 1705 902 1745 SoLAN.

393 1771 491 1812 ibid.
522 1768 730 1823 ’Όναιο]
767 1771 868 1822 Lege.
908 1771 1085 1811 Mercer.
1128 1772 1175 1810 ad
1202 1770 1447 1810 Aristaenet.
1484 1768 1607 1819 Epist.
1637 1773 1679 1810 6.

310 1841 377 1883 lib.
404 1839 458 1879 ΙΙ.
497 1840 666 1880 Bonan.

334 1932 336 1934 ·
395 1906 484 1948 ead.
510 1907 540 1946 l.
564 1912 631 1946 10.
660 1900 968 1958 Πράγμασι]
999 1903 1076 1955 Sic,
1104 1906 1161 1943 uti
1186 1907 1429 1954 conjeceram,
1459 1901 1572 1942 habet
1598 1901 1679 1943 Ms.

311 1974 393 2016 Ox.
431 1976 507 2014 nisi
543 1987 605 2013 me
642 1974 938 2013 abbreviationes
975 1975 1059 2023 ejus
1087 1973 1246 2012 fallmnt:
1293 1973 1432 2020 reliqui
1459 1972 1547 2009 libri
1574 1985 1681 2023 πρα-

309 2056 446 2095 γματι.
496 2041 657 2081 δοιΛΝ.
712 2038 814 2078 Mihi
850 2055 941 2079 vero
985 2040 1176 2092 πρᾶγμα.
1214 2038 1254 2077 h.
1292 2039 1412 2091 1.,,ί.
1443 2052 1480 2077 e.
1519 2039 1680 2076 convivii

310 2110 487 2160 nuptialis
515 2109 707 2158 apparatio
721 2136 733 2157 ,
773 2121 836 2146 res
863 2108 1010 2146 scilicet
1036 2113 1077 2145 ut
1101 2106 1272 2155 patribus
1298 2107 1448 2155 gravis,
1475 2106 1530 2143 ita
1556 2108 1681 2143 tamen

309 2184 417 2229 g‘rata
455 2176 654 2215 admodum
694 2188 738 2213 ac
770 2175 895 2224 laeta,
933 2175 1050 2213 multo
1078 2174 1199 2224 mag-is
1227 2173 1393 2222 placuit,
1434 2186 1546 2221 quam
1574 2167 1680 2225 πρά-

310 2258 473 2298 γματα,
508 2244 681 2293 negotia,
720 2249 817 2291 quae
845 2242 1058 2290 adjunctam
1084 2240 1246 2279 habeant
1273 2241 1463 2278 notionem
1489 2239 1680 2278 molestia·
1723 2275 1725 2278 Α

311 2326 418 2361 nun,
447 2322 734 2357 aerumnarum,
761 2308 1080 2347 incommodorum
1109 2322 1152 2346 ac
1178 2308 1365 2346 laborum.
1420 2305 1569 2345 Lama.

395 2376 483 2418 ead.
513 2376 545 2417 l.
576 2380 645 2415 11.
682 2373 790 2413 Ἐπὶ
825 2376 917 2427 τῆς
945 2373 1145 2426 οἰκίας]
1184 2373 1252 2413 Αιι
1280 2373 1331 2413 Β.
1369 2375 1509 2412 rectius
1538 2371 1600 2413 ἐπὶ
1627 2373 1676 2426 τῇ
1723 2368 1733 2371 ”

311 2443 439 2500 οἰκίας
475 2444 627 2484 ΒΕῙΤΖ.
685 2441 867 2480 Caussam
903 2456 977 2480 non
1013 2442 1140 2481 video.
1195 2439 1246 2478 Et
1274 2440 1374 2488 quod
1399 2440 1567 2479 Beli-nus
1593 2439 1674 2478 Da·

309 2515 426 2552 tivum
468 2496 663 2561 propterea
703 2511 903 2558 praetulit,
941 2510 1041 2559 quod
1079 2509 1126 2547 ad
1167 2509 1375 2558 genitivmn
1414 2508 1675 2556 explicandmn

310 2581 434 2627 ellipsi
460 2592 554 2628 opus
583 2582 683 2616 esset
709 2578 810 2615 vocis
832 2572 940 2630 οὐδῷ
970 2577 1022 2624 (le
1035 2576 1166 2629 fcmz‘l)
1198 2576 1290 2613 mira
1311 2574 1479 2623 profecto
1503 2573 1596 2612 haec
1618 2581 1676 2612 est

310 2646 591 2695 argumentatio,
613 2645 708 2681 mira
727 2644 839 2681 etiam
858 2644 912 2681 sic
931 2644 1224 2693 arglunentantis
1242 2641 1403 2690 inscitia,
1420 2643 1483 2690 qui
1500 2642 1674 2689 nesciret,
