1740 3095
262 123 357 166 440
564 137 1331 168 ADNOTATIONES

261 257 340 296 hic>
365 257 471 295 locus
533 257 758 304 implicatior
804 256 925 293 factus
974 256 1150 294 effusiore
1191 257 1405 305 eloquentia
1448 263 1487 296 et
1538 264 1636 295 stru-

263 333 369 363 ctura
423 325 667 362 insolentiore
725 324 779 360 sic
828 330 887 360 est
947 324 1173 371 capiendus:
1230 323 1424 373 Iuceperat
1475 323 1638 362 Thersa-

261 407 374 443 goras
423 392 639 439 ampliorem
676 390 870 438 periodum
910 391 954 427 ab
995 390 1065 428 hae
1100 393 1262 438 protasi:
1310 387 1423 428 Ἀλλ’
1469 390 1502 429 εἴ
1542 405 1638 441 μετ-

264 460 339 505 ιόις
386 457 445 496 ἐπὶ
499 449 572 503 ’τὰς
614 455 925 510 (μλανθρτιὶπίας
966 455 1032 493 καὶ
1075 464 1144 495 etc.
1196 465 1234 496 et
1274 459 1442 497 voluerat
1493 466 1639 507 postre-

263 541 366 565 mum
411 539 562 573 carpere
604 527 762 565 amicum
800 524 869 562 hac
909 524 1083 572 apodosi:
1128 526 1246 579 γελᾷν
1293 522 1419 563 ἔπεισί
1455 540 1524 575 μοι
1567 533 1638 564 etc.

264 593 413 632 Verum
443 594 481 629 in
510 592 635 630 medio
666 594 845 629 orationis
873 606 988 629 cursu
1025 599 1110 640 post
1147 594 1259 630 verba
1297 588 1394 642 ὅλην
1432 590 1504 643 τὴν
1534 594 1640 642 λαμ-

265 656 444 712 aprima
475 661 519 696 ab
549 660 765 707 impatiente
794 659 944 709 Lyciuo
973 660 1260 709 interpellatus,
1303 661 1476 698 celeriter
1515 662 1641 708 perio-

265 729 355 766 dum
385 729 582 775 abruptam
610 728 724 763 nectit
760 729 885 765 verbis
926 725 1194 777 δημοθοινίας
1231 742 1271 765 τε
1311 735 1381 766 etc.
1423 729 1539 765 missa
1565 730 1641 776 jam

265 797 543 845 praepositione
573 796 767 842 superiore
805 793 889 845 ἐπὶ,
927 809 1047 843 usque
1088 795 1134 832 ad
1172 796 1285 833 verba
1323 793 1495 846 μέγεθος
1527 795 1643 832 πολι-

266 858 475 912 τευμάτων
507 856 689 911 ἐμπεσόν.
748 860 882 910 Neque
922 863 1036 911 igitur
1074 862 1114 900 hi
1143 860 1361 900 Accusativi
1401 870 1487 900 sunt
1529 864 1643 900 abso—-

265 932 363 979 luti,
393 943 462 967 1100
492 928 670 978 jmigendi
700 943 782 966 cum
813 931 928 966 verbo
958 933 1168 979 καταχεῖν,
1208 930 1276 968 sed
1304 930 1492 967 referendi
1514 944 1644 968 omnes

269 999 316 1036 ad
342 999 498 1035 verbum
527 994 690 1045 μετιόις;
750 995 877 1047 Quem
916 997 1061 1045 periodi
1098 1011 1240 1035 nexum
1283 1011 1357 1035 11011
1383 999 1482 1045 cepit
1513 997 1645 1035 Vffsan-

267 1063 410 1103 nozvski
446 1066 486 1101 111
520 1064 652 1101 libello
696 1063 922 1101 scholastico
957 1078 1071 1112 supra
1109 1066 1147 1101 in
1186 1067 1308 1113 prima
1342 1064 1480 1103 harum
1507 1063 1645 1103 Adno-

268 1134 452 1170 tationum
478 1131 629 1169 laudato
669 1145 706 1178 p·
738 1135 806 1169 25.
865 1130 1013 1169 LEum.

354 1197 441 1236 ead.
474 1198 502 1235 l.
547 1203 612 1236 13.
653 1195 930 1247 Πρέσβεις]
983 1194 1209 1249 Πρεσβειάς
1258 1205 1471 1236 correxerat
1527 1198 1644 1238 Gesn-

270 1266 439 1315 Optime.
498 1264 547 1302 Et
585 1265 795 1313 legationes
825 1267 938 1302 etiam
965 1266 1166 1313 interprete
1196 1264 1498 1304 Ilffelanclzthone
1529 1266 1646 1304 Pari-

269 1337 371 1382 sina,
402 1335 572 1382 quamvis
604 1331 786 1385 πρέσβεις
825 1334 1023 1380 reliquerit
1064 1334 1103 1369 in
1132 1331 1300 1371 Graecis.
1358 1332 1402 1370 In
1443 1348 1515 1381 quo
1543 1333 1644 1373 Edd.

271 1408 359 1439 cett.
390 1402 648 1449 consentiunt,
689 1400 756 1438 sed
784 1400 923 1438 vellem
953 1400 1215 1449 dissentirent,
1260 1407 1297 1438 et
1333 1399 1543 1451 πρεσβείας
1576 1401 1645 1439 011-

270 1482 415 1518 gereni.
473 1467 553 1506 Sed
583 1475 620 1506 et
649 1470 786 1506 iterum
814 1465 997 1518 πρέσβεις
1027 1481 1059 1504 0.
1093 1472 1158 1506 18.
1189 1467 1218 1505 f.
1276 1467 1429 1508 Rmrz.

356 1536 459 1584 Pag.
494 1539 589 1574 140.
620 1536 647 1573 Ζ.
682 1541 748 1574 11.
789 1534 880 1572 Σοὶ
923 1532 980 1572 δέ
1015 1549 1104 1584 μοι
1147 1533 1428 1587 φαίνεται]
1470 1535 1646 1575 Scriben-

272 1603 362 1641 dum
392 1599 478 1641 σόν.
543 1603 673 1640 Tuum
700 1617 819 1651 opus,
849 1603 1015 1640 laudatio
1044 1601 1203 1641 Homeri
1222 1604 1389 1650 scilicet,
1421 1618 1516 1652 quae
1548 1618 1647 1642 com-

272 1677 426 1719 paratur
454 1685 538 1708 cum
566 1670 782 1707 laudatione
810 1669 1105 1717 Demosthenis,
1152 1677 1234 1707 utra
1262 1672 1417 1718 majoris
1448 1671 1648 1709 difficulta-

273 1739 323 1776 tis
352 1751 413 1775 res
442 1738 505 1775 sit.
546 1735 661 1774 JENS.
722 1735 875 1774 Rectius
906 1739 1054 1774 omnino
1082 1744 1138 1774 est
1165 1737 1293 1774 Jensii
1321 1733 1418 1775 σόν·
1459 1739 1526 1776 sed
1555 1740 1648 1776 scri-

273 1811 423 1853 pturam
458 1811 624 1842 veterem
662 1811 945 1852 repraesentare
979 1806 1095 1841 satius
1130 1804 1236 1841 duxi.
1292 1804 1451 1843 SoLAN.
1511 1805 1648 1843 Parum

274 1872 403 1919 abest,
444 1873 535 1920 quin
577 1873 703 1909 invitis
744 1872 915 1908 omnibus
953 1871 1082 1910 Jensii
1122 1871 1418 1909 emendationem
1454 1874 1645 1921 recipiam.

273 1936 333 1976 Ita
368 1940 468 1976 enim
508 1952 584 1976 11011
620 1938 733 1976 modo
770 1952 903 1976 sensus
932 1940 1123 1988 postulat,
1162 1939 1230 1977 sed
1268 1946 1306 1976 et
1345 1953 1457 1987 supra
1495 1936 1566 1977 σὸν
1604 1937 1647 1977 δὲ

274 2006 394 2043 τοῦτο
423 2004 562 2043 Noster
591 2008 704 2043 etiam
734 2005 842 2043 dixit.
901 2005 961 2044 At
991 2008 1078 2054 quia
1119 2013 1157 2044 et
1198 2007 1271 2044 σοῦ
1310 2008 1430 2055 possit
1467 2007 1568 2056 legi,
1610 2013 1648 2045 et

275 2073 413 2110 Solan.
443 2074 638 2123 vulgatum
667 2071 860 2122 exhibuit,
899 2075 1059 2111 scribam
1098 2088 1181 2112 011111
1210 2075 1350 2123 vulgo,
1394 2075 1549 2111 sentiam
1587 2074 1649 2112 hic

278 2154 362 2178 cum
402 2139 551 2179 Jense'o.
589 2139 736 2178 REI'rz.
797 2139 839 2178 Si
880 2156 949 2190 pro
986 2142 1055 2191 μὀι
1091 2156 1175 2179 cum
1203 2140 1302 2179 Edd.
1341 2143 1531 2179 nonnullis
1568 2138 1650 2192 μὴν

276 2209 437 2256 legitur,
479 2206 542 2246 σοὶ
581 2214 706 2245 autem
741 2208 788 2245 ad
817 2205 914 2261 ῥᾷον
940 2209 1124 2256 refertur,
1164 2222 1239 2245 non
1280 2208 1329 2245 ad
1359 2208 1554 2261 φαίνεται,
1584 2210 1649 2248 de-

276 2277 389 2323 nique
419 2277 453 2312 si
481 2273 547 2312 καὶ
576 2274 695 2313 τοῦτο
726 2282 806 2312 est:
848 2274 942 2313 haec
980 2290 1126 2326 qnoque
1152 2278 1297 2323 negotii
1323 2278 1380 2312 tui
1401 2291 1525 2324 pars.-
1563 2290 1648 2314 sen-

277 2344 416 2388 tentia,
458 2356 554 2390 quae
593 2342 647 2378 510
687 2343 858 2390 exsistit,
907 2344 1026 2380 multo
1069 2344 1192 2390 potior
1229 2342 1322 2380 mihi
1358 2357 1442 2380 esse
1490 2343 1647 2391 videtur,

278 2424 390 2456 quam
425 2424 520 2457 quae
550 2423 600 2446 ex
630 2408 757 2446 Jensi'e‘
784 2413 994 2457 conjectura
1023 2409 1229 2447 conficitur.
1287 2409 1434 2447 Lmffl.

363 2475 452 2514 ead.
492 2477 519 2513 I.
564 2480 629 2513 16.
679 2474 810 2525 Περὶ
860 2472 951 2514 τὸν
1003 2471 1159 2527 λόγον
1214 2473 1405 2522 atzam]
1449 2475 1648 2514 Glossema

279 2544 440 2581 videtur.
482 2543 647 2582 GUYET.
720 2542 860 2592 Guyeti
888 2545 1110 2581 seutentiam
1147 2557 1221 2581 non
1258 2545 1457 2592 perspleio.
1517 2542 1649 2581 Potest

280 2613 380 2650 enim
417 2619 596 2661 putasse,
643 2616 708 2649 aut
755 2610 952 2651 formulam
994 2610 1078 2664 περὶ
1124 2608 1191 2651 τὸν
1237 2606 1353 2664 λόγον
1388 2606 1541 2666 ᾄττων,
1585 2617 1648 2649 aut
