1768 3125
286 171 375 200 IN
447 168 1150 201 1’111LOPATRIN·
1338 157 1432 202 567

56 291 174 340 igitur
200 287 339 329 Noster
365 291 438 329 sibi
467 290 572 340 vult,
612 304 697 329 cnm
726 287 953 328 Salaminios
982 288 1054 328 hoc
1091 289 1244 329 oraculo
1271 291 1432 338 periisse

57 355 175 397 dicit?
234 356 410 407 Scilicet,
447 358 741 407 superficiariam
784 349 898 396 'valde
935 357 1098 396 hominis
1136 359 1254 396 fuisse
1294 358 1432 395 doctri-

56 441 166 475 nam,
207 426 388 475 judicium
417 427 497 464 sere
525 427 700 475 nullum,
744 439 795 464 ex
823 433 899 463 tota
921 428 1232 464 commentatione
1259 432 1431 475 apparet,

56 500 94 531 et
121 506 189 531 nos
217 494 257 530 in
286 494 546 535 dissertatione
575 501 701 531 nostra
726 495 951 532 monuimus.
1008 494 1136 533 Gnsu.

140 561 242 610 Pag.
286 566 381 600 228.
431 562 459 599 l.
505 565 543 601 5.
587 558 820 611 ’Όσον..]
871 561 1062 601 Homerus
1111 557 1256 611 ὅσσον,
1317 561 1429 600 metri

56 642 210 676 caussa,
241 630 340 677 quod
369 636 407 667 et
435 631 576 667 servari
605 630 746 667 debuit.
805 629 966 669 Sonm.

138 695 235 734 ibid.
274 692 624 747 Ἐννεάχιλοι]
666 696 792 736 Hom.
828 696 941 735 Iliad.
972 697 1021 746 E,
1052 701 1147 736 869.
1178 702 1216 736 et
1244 692 1298 739 Ξ.
1332 697 1428 735 148.

57 761 221 802 somn.
279 763 439 815 Nescio,
481 778 530 802 an
567 763 631 802 hic
658 778 809 812 quoque
842 766 1024 804 memoria
1051 766 1182 814 lapsus
1211 765 1259 802 sit
1287 769 1430 812 auctor,

55 845 138 869 cum
187 839 329 869 tantum
370 831 545 881 Neptuno
593 832 794 870 clamorem
843 834 986 870 tribuit.
1044 832 1107 870 De
1152 830 1281 870 Marte
1329 832 1431 869 enim

54 898 177 936 H'om.
219 897 270 936 11.
310 898 370 949 E,
412 904 507 939 860.
552 894 574 938 ὃ
605 896 653 936 (5³
704 895 849 951 ἔβραχε
889 896 1063 950 χάλκεος
1090 895 1214 951 Ἄρης
1258 894 1429 945 [“Ὀσσον

53 962 98 1004 τ’
142 961 357 1016 ἐννεάχιλοι
397 965 560 1017 ἐπίαχον
594 962 620 1018 ἢ
651 962 889 1017 oenigma]
936 967 1043 1019 Quid
1082 968 1198 1016 igitur
1238 965 1287 1004 ad
1331 964 1431 1004 hlmc

54 1031 236 1074 Stentor?
265 1033 315 1072 11.
346 1033 393 1082 E,
424 1038 521 1074 786.
542 1030 620 1080 ’Ὃς
645 1029 766 1073 τόσον
796 1030 1025 1085 αὐδήσασχ’
1057 1030 1153 1074 ὅσον
1180 1028 1295 1072 ἄλλοι
1340 1045 1431 1070 πεν-

51 1096 240 1152 τήκοντα.
302 1100 505 1140 Caeterum
535 1100 778 1153 ἐννοσίγαιος
788 1133 799 1150 ,
831 1109 869 1140 et
895 1099 1118 1152 ἐνοσίχθων
1147 1102 1297 1150 saepius
1329 1098 1431 1149 apud

51 1167 288 1207 Homerum:
327 1170 380 1207 ita
416 1176 541 1207 autem
580 1171 821 1218 appellarunt
857 1176 1006 1208 veteres
1036 1168 1173 1207 Graeci
1200 1167 1432 1216 Neptmnum,

54 1237 155 1286 quod
194 1244 315 1275 terrae
354 1243 499 1285 motus,
548 1251 732 1286 aquarum
775 1238 904 1276 subter
942 1239 982 1275 in
1009 1243 1131 1275 terrae
1160 1237 1260 1275 cavis
1287 1234 1433 1273 undan-

54 1305 149 1343 tium
176 1304 350 1343 fluctibus
391 1305 561 1343 accidere
598 1311 797 1356 putarent,
838 1320 1017 1355 quorsum
1053 1305 1131 1344 vid.
1165 1304 1267 1344 Gell.
1293 1301 1343 1342 Ν.
1373 1299 1431 1341 A.

52 1372 106 1423 Π,
136 1377 204 1411 28.
266 1371 391 1410 GESN.

138 1439 229 1478 ead.
263 1440 291 1477 l.
325 1445 363 1479 6.
394 1437 726 1490 Σεισίχθων]
771 1438 858 1479 Non
896 1447 954 1479 est
981 1439 1187 1480 Homerica
1228 1451 1320 1488 vox,
1363 1436 1433 1476 sed

54 1521 144 1546 vere
188 1514 326 1546 tamen.
381 1506 553 1547 Homero
607 1510 749 1558 passim
805 1506 1028 1559 ἐνοσίχθων
1085 1514 1125 1546 et
1173 1504 1432 1558 ἐννοσίγαιος.

55 1573 210 1614 Sonus.

139 1642 229 1682 ead.
257 1643 286 1681 I.
320 1648 357 1683 S.
392 1640 495 1694 Τὴν
539 1640 722 1697 Τυρὼ]
761 1641 868 1682 Vide
907 1640 1079 1682 Luciam.
1117 1640 1226 1680 Dial.
1265 1639 1433 1690 Neptuni

54 1717 94 1750 ot
120 1709 271 1759 Enipei.
330 1708 459 1749 GnsN.

138 1778 227 1817 ead.
267 1779 295 1817 l.
327 1783 367 1817 9.
419 1773 788 1829 Δημαγωγὸς]
838 1775 906 1815 An
956 1771 1218 1830 προαγωγός;
1266 1773 1431 1814 Gmm'r.

53 1845 266 1896 Demagogi
295 1847 395 1884 enim
423 1859 498 1883 non
525 1852 671 1882 tantum
696 1847 735 1883 vi
763 1847 904 1894 injusta
927 1845 1118 1893 oppressis
1143 1844 1286 1882 auxilio
1310 1849 1432 1891 erant,

55 1914 125 1954 sed
153 1928 291 1963 saepe,
336 1920 379 1951 ut
411 1915 534 1960 major
561 1919 663 1950 esset
689 1913 788 1960 apud
817 1912 999 1960 populum
1026 1912 1172 1960 gratia,
1214 1912 1327 1949 etiam
1366 1910 1432 1958 qui

54 1981 154 2021 malo
183 1983 288 2031 digni
316 1987 465 2028 essent,
495 1993 640 2027 poenae
669 1978 961 2028 subtrahebant,
998 1979 1110 2026 quale
1144 1979 1258 2015 etiam
1285 1979 1325 2015 in
1352 1975 1433 2014 Ro-

54 2063 164 2087 mana
199 2062 281 2096 rep.
324 2048 516 2095 improbos
546 2045 737 2084 Tribunos
765 2046 910 2095 plebis,
949 2046 1141 2094 aliosque,
1181 2047 1247 2094 qui
1275 2045 1434 2094 popula-

55 2130 120 2155 res
148 2115 268 2153 videri
296 2115 461 2163 vellent,
491 2114 663 2152 videmus
691 2114 878 2151 interdum
905 2114 1071 2151 molitos.
1130 2112 1181 2151 Et
1209 2113 1354 2162 pridem
1383 2125 1434 2151 ex

57 2182 226 2222 Budaeo
256 2183 466 2220 observavit
502 2181 567 2220 H.
597 2179 785 2230 Stephan.
829 2181 876 2220 de
904 2182 1020 2220 verbo
1060 2179 1336 2232 δημαγωγεῖν,
1376 2181 1435 2218 la-

56 2253 132 2291 tius
158 2258 287 2300 patere
322 2253 406 2299 ejus
442 2250 780 2299 significationem,
820 2256 857 2287 et
893 2249 1113 2298 simpliciter
1150 2263 1220 2297 pro
1259 2248 1434 2297 concilio,

57 2334 127 2358 seu
156 2319 301 2367 allicio,
330 2319 410 2356 sive
428 2332 595 2355 emerem·
613 2320 798 2365 gratiam,
833 2319 934 2366 poni.
986 2316 1133 2356 Fabula
1148 2318 1232 2365 ipsa
1253 2322 1312 2353 est
1335 2315 1435 2363 apud

58 2386 226 2428 Homer.
268 2383 347 2422 Od.
381 2382 443 2434 Θ,
474 2390 570 2424 268.
601 2384 771 2423 Luciam.
807 2383 927 2423 Diall.
947 2384 1066 2423 Deor.
1097 2389 1163 2424 17.
1203 2382 1318 2421 ovid.
1342 2381 1434 2420 Art.

58 2453 153 2495 Am.
191 2451 245 2501 ll,
269 2456 363 2490 561.
387 2465 467 2500 seq.
497 2451 665 2491 Amores
694 2451 858 2501 Neptuni
885 2458 1128 2491 recensentur
1158 2450 1275 2489 clem.
1302 2450 1435 2488 Aleoe.

60 2520 186 2559 Protr.
241 2533 327 2568 pag.
375 2524 442 2557 20.
483 2518 610 2570 Quam
649 2521 775 2569 inepte
816 2519 1012 2559 cohaereat
1058 2519 1284 2556 narrationis
1323 2516 1438 2567 hujus

60 2588 209 2634 filimn,
250 2587 289 2623 in
325 2585 573 2635 disputatione
599 2589 676 2635 jam
702 2588 904 2626 indicatum
934 2588 970 2637 §.
1001 2589 1069 2624 25.
1106 2584 1236 2624 GESN.

148 2652 240 2694 ead.
268 2654 298 2693 l.
330 2657 398 2693 13.
436 2650 723 2704 ’Έκλαυσε]
773 2654 905 2695 Antea
950 2656 991 2693 in
1037 2654 1209 2693 omnibus
1244 2653 1441 2704 legebatur
