1740 3095
306 157 400 202 416
596 173 1380 207 ADNOTATIONES

305 307 385 332 reo.
441 291 673 331 Terminatio
698 297 823 330 autem
849 293 919 330 illa
946 299 1110 342 praeter.
1141 295 1283 342 passivi
1304 293 1457 333 Ionibus
1477 296 1677 345 frequens:

305 363 358 398 ita
386 355 655 412 γεγράφαται,
685 357 917 411 τετρίφαται
948 367 1017 398 etc.
1039 359 1192 399 I-Iemd.
1224 368 1261 400 et
1279 362 1398 402 Aret.
1420 362 1516 402 Vid.
1535 364 1675 404 Maitt.

306 443 346 477 p.
376 432 469 466 129.
529 427 681 465 Rmrz.

391 494 479 534 ead.
508 494 534 532 Ζ.
569 499 635 533 13.
667 492 1183 547 Σπονὸηῳορεόυσι]
1221 493 1286 533 ’Μ.
1325 503 1361 534 et
1387 497 1454 536 Fl.
1512 497 1557 535 In
1585 500 1677 536 reli-

305 565 388 612 quis
424 563 620 610 impressis
658 557 835 611 σπονὸὴν
878 575 972 614 (pop.
1033 560 1186 601 SOLAN.
1244 562 1446 612 Eleganter
1494 568 1676 614 composi-

304 639 384 668 tum
412 631 569 668 verbum
596 629 707 666 facile
736 631 1014 679 reposuissem,
1061 632 1093 668 si
1122 629 1221 668 hunc
1249 632 1469 679 scriptorem
1497 634 1535 670 in
1563 632 1676 678 hujus

305 698 454 748 generis
485 697 815 745 compositionibus
851 696 1037 746 fingendis
1076 698 1217 746 aliquid
1255 700 1487 746 quaesivisse
1526 702 1674 741 scirem.

303 765 453 805 Lssnm.

388 830 477 871 ead.
507 831 535 870 l.
568 834 634 870 14.
677 829 938 877 Πλειόνες
979 831 1062 869 καὶ
1099 830 1458 885 τριηκοσίων]
1494 832 1576 870 Καὶ
1606 848 1673 881 pro

303 898 329 952 ἢ
359 903 521 950 positum
551 906 620 937 est.
680 898 758 937 Sed
787 901 841 938 sic
870 901 957 936 libri
987 914 1115 937 omnes
1153 902 1284 937 nostri.
1323 899 1474 938 SoffAN.
1532 900 1677 938 Pleu-es

303 983 419 1021 quam
456 967 517 1005 vel
549 970 729 1015 trecenti;
782 969 832 1004 ita
876 973 978 1004 recte
1027 967 1189 1015 explicat
1239 966 1433 1005 Fritzsclz.
1479 967 1674 1019 Quaestst.

303 1052 341 1085 p.
374 1041 413 1075 S.
473 1034 587 1086 Quod
615 1037 790 1073 sexcenti
819 1035 992 1083 scripsit,
1034 1035 1262 1083 imprudenti
1305 1036 1448 1072 calamo
1490 1035 1676 1072 excidisse

301 1110 406 1151 puto.
464 1101 614 1140 Finitur
641 1101 679 1139 h.
710 1102 738 1139 l.
768 1115 970 1148 numerus,
1010 1115 1078 1139 nec
1116 1116 1206 1140 vero
1242 1104 1404 1140 incertus
1437 1102 1674 1150 relinquitur.

302 1169 454 1208 me.

387 1235 475 1275 ead.
505 1237 533 1274 Ῑ.
567 1238 632 1276 15.
663 1232 951 1281 Azize'otoz]
972 1234 1037 1273 Au
1060 1230 1470 1287 τοῖςἾεραπολίταις;
1503 1234 1672 1274 GUYET.

386 1303 474 1342 ead.
515 1305 543 1343 l.
585 1308 650 1343 16.
702 1303 874 1350 Πᾶσι]
927 1302 987 1341 Μ.
1043 1310 1080 1341 et
1120 1303 1188 1340 Fl.
1246 1302 1291 1340 In
1337 1304 1493 1352 reliquis
1545 1305 1671 1342 πᾶσα.

303 1371 455 1411 SOLAN.

386 1449 482 1488 ibid.
506 1444 798 1501 Ἀρχιρεὺς]
846 1446 910 1486 Sic
939 1447 997 1486 M.
1029 1449 1097 1487 sed
1136 1463 1157 1486 a
1193 1451 1404 1497 posteriore
1446 1464 1579 1500 mauu,
1617 1451 1673 1487 uti

302 1526 340 1557 et
368 1532 479 1567 supra
509 1530 636 1555 omnes
667 1518 854 1566 impressi,
885 1513 1101 1569 ἀρχιερεύς.
1160 1515 1313 1555 SoLAN.

380 1597 482 1645 Pag.
527 1600 620 1634 118.
660 1596 688 1634 l.
722 1600 759 1633 1.
795 1591 992 1648 Τιάρῃ]
1037 1595 1130 1634 Vid.
1166 1593 1318 1644 Spanh.
1362 1598 1459 1635 467.
1520 1593 1670 1634 SoLAN.

383 1673 472 1713 ead.
503 1674 531 1711 I.
564 1675 603 1712 5.
635 1673 678 1711 Κ
689 1688 713 1711 α
728 1670 789 1719 τ’]
821 1674 906 1713 Hoc
935 1675 1129 1724 praefero,
1167 1681 1209 1711 ut
1238 1676 1358 1724 mag-is
1387 1673 1580 1723 Ionicum,
1623 1675 1672 1712 li-

301 1749 359 1781 cet
399 1738 476 1793 ἀφ’
520 1730 595 1789 ὧν,
636 1737 712 1793 ἀφ’
757 1736 893 1790 ὤτων,
945 1745 994 1788 (2³)
1044 1743 1084 1780 in
1121 1741 1318 1790 I-Iippoctu
1369 1743 1671 1790 frequentissime

301 1810 458 1848 editum.
517 1807 661 1848 Rmrz.

384 1885 471 1926 ead.
500 1886 527 1923 ἵ.
563 1891 626 1924 11.
656 1884 967 1938 Γίγνονται]
997 1884 1061 1924 Sic
1082 1894 1118 1924 et
1146 1887 1274 1935 paullo
1305 1892 1389 1924 ante
1421 1884 1669 1937 ἐπιγίγνεται.

299 1956 351 1994 Et
379 1968 469 1992 mox
498 1951 665 2004 γίγνεται
697 1968 728 1991 c.
761 1956 828 1993 50.
857 1955 885 1992 f.
918 1962 954 1992 et
983 1953 1179 2005 γίγνονται
1210 1968 1241 1991 c.
1278 1958 1342 1992 51.
1375 1960 1445 1991 etc.
1478 1961 1514 1991 at
1539 1954 1669 2004 γίτόν-
1726 1942 1727 1960 ³

298 2038 365 2062 ται
395 2020 584 2060 Ι-Ιενοιῖοτ.
615 2022 779 2069 praefert
819 2036 901 2059 culn
931 2022 1125 2070 Ihffiymcr.
1168 2023 1232 2069 qui
1269 2028 1306 2058 et
1332 2017 1534 2072 γινώσκειν
1544 2047 1558 2070 ,-
1595 2035 1670 2059 non

300 2085 542 2142 γιγνώσκειν,
573 2097 701 2136 quater
730 2091 925 2138 quinquies
955 2104 992 2137 p.
1027 2093 1064 2127 5.
1095 2087 1146 2126 L.
1178 2087 1210 2126 I.
1242 2088 1288 2126 (le
1315 2090 1480 2139 morbis,
1519 2095 1555 2126 et
1583 2089 1670 2126 mil-
1722 2139 1723 2142 Ἴ

299 2159 372 2196 lies
402 2158 505 2194 alibi.
564 2154 628 2193 Sic
657 2155 799 2206 γίνεται
828 2158 1027 2204 aliquoties
1055 2156 1131 2193 n’d.
1162 2157 1213 2193 ib.
1244 2171 1281 2204 p.
1310 2161 1349 2195 6.
1381 2164 1452 2194 etc.
1480 2155 1537 2194 At
1562 2157 1669 2193 initio

299 2225 619 2273 Aphorismorum
647 2221 814 2273 γίγνεται
841 2225 920 2262 fere
946 2237 1094 2271 semper
1124 2224 1290 2274 editum,
1320 2224 1453 2261 deinde
1475 2237 1564 2262 vero
1581 2238 1669 2273 pro-

299 2295 455 2331 miscue.
512 2290 563 2327 Et
591 2290 681 2338 quid
708 2290 858 2328 demum
886 2292 1031 2329 refert?
1088 2291 1242 2329 Rmrz.

367 2368 473 2420 stad.
502 2368 529 2406 Ζ.
560 2373 626 2406 12.
654 2364 940 2419 ’Ἑρχονται
978 2364 1322 2418 καλεόμενοι]
1355 2367 1503 2406 Horum
1534 2371 1668 2408 memi-
1704 2386 1715 2390 2

299 2452 389 2475 nere
419 2439 529 2475 etiam
559 2436 734 2482 Plinius,
771 2436 918 2486 Varro,
950 2444 987 2474 et
1015 2436 1247 2486 Martialis,
1275 2451 1296 2474 a
1328 2435 1553 2475 Casaubono
1581 2438 1666 2474 lau-
1719 2471 1720 2474 ,

300 2506 378 2543 dati
408 2505 454 2542 ad
483 2502 631 2542 Athen.
661 2502 776 2556 VHI.
807 2509 844 2542 1.
874 2519 914 2552 p.
947 2506 1044 2543 577.
1104 2503 1268 2542 SoLAN.

381 2580 470 2620 ead.
499 2581 528 2619 l.
559 2586 625 2620 13.
650 2578 721 2619 Ἐν
750 2582 809 2633 τῇ
838 2579 1083 2633 πτέρυγι]
1114 2581 1159 2619 Ιιι
1178 2580 1238 2619 Μ.
1270 2588 1308 2620 et
1329 2581 1396 2620 Fl.
1423 2580 1514 2619 haec
1534 2581 1663 2629 paullo

298 2649 408 2688 aiiter
432 2650 631 2700 leguntur,
655 2662 790 2698 nempe
818 2646 858 2687 ἐν
886 2649 936 2703 τῇ
966 2646 1126 2703 πτέρυγι
1156 2647 1308 2701 ποίημα
1331 2644 1502 2702 χρύσεον
1534 2645 1664 2687 αὗτέω
1718 2700 1719 2703 ¹
