1748 3130
310 172 701 206 PHILOPATRIDIS
739 175 1095 211 mSSEn'rATIO.
1338 169 1430 214 683

57 293 244 329 monuisse
272 290 344 330 hoc
372 294 408 331 in
438 295 546 345 loco,
585 310 795 345 quanquam
833 312 910 337 non
948 300 995 338 ad
1024 307 1193 341 nostrum
1218 304 1430 344 institutum

57 350 240 396 pertinet,
270 349 367 387 haud
398 353 463 389 abs
493 366 534 389 re
565 353 696 403 suerit,
728 357 779 391 ita
805 357 921 402 vulg-o
955 356 1112 405 Epicteti
1143 361 1253 398 verba
1298 364 1428 411 accipi,

57 417 98 441 ac
126 407 158 442 si
187 404 334 454 μανίαν
364 409 547 455 <piandum
579 424 620 447 ac
646 419 834 458 stuporem
867 411 1091 453 Christianis
1109 418 1259 461 tribuat,
1290 420 1325 455 in
1355 435 1430 467 quo

56 473 126 509 ego
156 463 330 507 injuriam
360 465 442 503 lieri
472 469 612 513 optimo
643 470 722 505 seni
754 470 926 507 arbitror.
986 471 1172 523 Dixerat,
1209 476 1239 511 si
1268 478 1352 523 quis
1383 479 1429 514 ab

55 518 200 555 insania
229 520 355 567 aliqua
385 530 447 559 aut
475 524 599 561 surore
629 525 678 562 ita
720 533 819 563 esset
861 527 1038 577 affectus,
1081 537 1123 567 ut
1159 533 1315 579 perinde
1355 534 1428 582 ipsi

55 581 176 621 esset,
216 574 354 615 habere
394 593 552 617 uxorem
589 594 631 618 ac
665 582 830 631 liberos,
872 591 1037 623 autnon
1066 585 1222 635 habere,
1262 597 1298 627 et
1328 591 1429 638 quod

53 630 101 667 ad
139 634 277 680 vitam,
324 634 495 683 bonaque
535 638 607 674 alia
644 639 818 676 similiter
859 643 1113 692 existimaret3
1159 643 1245 683 huic
1282 648 1429 685 nullum

53 687 135 725 fore
172 695 375 738 tyrannum
417 691 660 743 horribilem,
700 697 883 734 satellites
923 700 1075 749 nullos,
1116 701 1242 740 nullos
1281 704 1429 753 gladios

54 746 368 785 extimescendos.
426 748 513 786 Jam
540 752 755 800 subjungit:
798 747 880 791 εἶτα
918 749 995 793 ὑπὸ
1022 756 1171 804 μανίας
1199 757 1272 808 μὲν
1303 757 1430 799 ‹hiva-

54 799 124 838 ταί
143 815 203 847 τις
229 799 333 841 ‹iiiia›
364 803 599 857 διατεθῆναι
631 806 730 860 πρὸς
759 811 898 858 ταῦτα,
927 811 991 849 καὶ
1018 807 1096 851 ὑπὸ
1125 811 1250 861 ἔθους
1276 814 1312 854 οἱ
1346 817 1430 855 Γα-

54 859 226 908 λιλαῖοι,
267 854 343 898 ὑπὸ
371 857 490 912 λόγου
522 861 565 901 δὲ
593 864 658 901 καὶ
691 863 929 913 ἀποδείξεῑυς
965 866 1094 915 oddag
1135 868 1302 910 δύναται
1345 889 1428 923 μα-

52 916 142 951 θεῖν
167 929 204 953 κ.
238 930 272 953 τ.
304 918 340 955 λ.
400 917 532 966 ltaque
570 918 720 968 μαιίἀν
754 923 919 969 profecto
963 939 1037 963 non
1072 929 1200 965 tribuit
1228 929 1426 977 Galil-aeis,

52 971 120 1008 sed
160 972 212 1008 ita
251 972 360 1010 dicit:
401 975 432 1011 si
471 977 614 1013 insania
644 978 868 1025 quibusdam
909 995 1038 1020 caussa
1078 998 1162 1022 esse
1198 994 1344 1036 potest,
1387 997 1428 1026 ut

50 1028 156 1075 parvi
184 1036 338 1066 externa
368 1030 527 1081 saciant,
559 1040 596 1070 et
624 1033 720 1071 nihil
751 1037 904 1074 timeant
934 1038 1103 1089 adversi3
1143 1043 1176 1080 si
1205 1058 1317 1090 porro
1349 1043 1428 1082 Ga-

49 1083 155 1120 lilaei
184 1098 233 1121 ex
262 1088 528 1126 consuetudine
557 1088 861 1139 (institutionem
892 1095 990 1133 sorte
1021 1099 1251 1137 commodius
1281 1103 1429 1139 intelli-

50 1140 203 1188 gemus)
230 1142 320 1179 talia
350 1153 609 1183 contemnunt:
652 1148 774 1195 pudor
816 1157 897 1200 est,
941 1166 1014 1189 non
1056 1168 1168 1201 posse
1209 1158 1255 1194 ab
1282 1160 1428 1197 ratione

50 1196 216 1244 aliquem
245 1212 291 1235 eo
320 1200 473 1246 perduci
501 1209 573 1240 etc.
632 1202 708 1242 Sed
739 1206 777 1242 id
807 1208 882 1254 jam
911 1222 984 1246 non
1014 1212 1174 1260 agimus.

134 1251 250 1291 XLI.
287 1254 396 1294 Bene
426 1257 548 1297 adhuc
590 1261 626 1296 in
664 1259 807 1300 Juliani
845 1271 1012 1313 tempora
1052 1271 1222 1307 convenit
1252 1268 1429 1321 Philopa-

49 1309 133 1349 t‘ris.
192 1309 272 1348 Sed
301 1315 519 1361 scrupulum
556 1317 675 1364 injicit
703 1319 825 1367 illud,
868 1323 968 1369 quod
1006 1338 1081 1361 non
1112 1324 1317 1367 Christiani
1348 1337 1430 1368 tau-

48 1371 128 1402 tum
153 1367 359 1406 irridentur
388 1369 458 1409 lioc
487 1372 658 1422 dialogo,
686 1375 753 1413 sed
778 1379 977 1425 gentilium
1008 1383 1120 1419 etiam
1140 1382 1294 1422 Deastri
1321 1400 1428 1425 acer-

48 1421 203 1461 bissime
232 1426 348 1472 priori
379 1429 461 1475 ejus
488 1437 595 1478 parte
624 1435 940 1482 perstringuntur.
996 1436 1137 1477 Videri
1173 1441 1289 1490 igitur
1317 1444 1428 1482 alicui

47 1480 195 1531 possit,
224 1482 335 1519 illum
364 1497 438 1521 non
469 1499 553 1524 esse
582 1489 764 1536 scriptum
791 1491 831 1528 in
858 1489 999 1531 Juliani
1029 1498 1210 1545 gratiam,
1254 1501 1315 1537 cui
1355 1502 1428 1538 mi-

46 1536 150 1573 nime
192 1540 356 1577 omnium
395 1543 545 1588 probari
587 1549 780 1584 numinum
817 1561 971 1587 suorum
1018 1553 1210 1592 insectatio
1247 1559 1426 1603 potuerit.

49 1590 129 1629 Sed
158 1593 285 1640 plures
313 1594 375 1634 hic
403 1605 489 1636 sunt
526 1600 698 1639 elabendi
731 1604 830 1642 viae.
887 1604 1003 1644 Forte
1041 1617 1192 1659 auctor,
1234 1619 1276 1649 ut
1313 1627 1427 1663 aeg-re

46 1648 188 1687 faceret
217 1649 464 1704 Christianis,
506 1669 720 1706 exososque
760 1661 848 1699 illos
891 1665 1011 1712 magis
1039 1663 1192 1704 Juliano
1232 1669 1425 1721 redderet,

48 1706 182 1753 quibus
211 1707 384 1747 ludibriis
413 1713 510 1750 avita
538 1716 688 1753 numina
718 1717 976 1769 traducerent,
1007 1722 1046 1758 in
1076 1721 1316 1771 Triephontis
1340 1742 1425 1776 per·-

47 1774 138 1800 sona
168 1769 474 1812 repraesentavit.
532 1767 648 1808 Forte
679 1780 831 1823 auctor,
863 1788 945 1813 cum
977 1778 1048 1815 sibi
1077 1777 1287 1820 Lucianum
1315 1798 1425 1823 suum

45 1831 122 1856 non
150 1826 225 1857 tam
255 1822 499 1875 imitandum,
529 1841 643 1874 quam
670 1832 957 1870 exscribendum
987 1839 1259 1887 proposuisset,
1285 1840 1424 1879 floscu-

45 1874 105 1913 los
144 1879 226 1924 ejus
254 1877 324 1916 hac
353 1888 457 1928 parte
486 1891 719 1923 consectatus
756 1894 841 1936 est,
884 1896 921 1926 et
958 1892 1159 1930 verborum
1198 1899 1424 1936 amoenitate

47 1931 181 1970 ductus
229 1935 332 1982 ipsas
382 1940 495 1976 etiam
541 1943 746 1979 sententias
792 1945 999 1991 improvide
1047 1952 1246 1990 assumsit:
1292 1955 1424 2001 quales

46 1984 249 2026 hodienum
278 2004 426 2030 errores
457 1995 502 2031 ab
531 1997 668 2044 ineptis
698 1997 940 2050 hominibus,
982 2018 1140 2051 quorum
1169 2021 1324 2047 numero
1354 2025 1423 2049 no-

45 2050 164 2082 strum
201 2047 267 2083 vix
305 2049 501 2097 quisquam
528 2053 768 2092 eximendum
797 2059 977 2106 censebit,
1011 2064 1191 2100 committi
1219 2066 1422 2119 interdum,

46 2108 203 2140 constat.
265 2100 345 2142 Sed
383 2107 416 2142 si
454 2108 517 2145 vel
557 2111 677 2147 sciens
707 2112 947 2162 prudensque
976 2117 1089 2167 fecit,
1127 2126 1251 2159 tamen
1287 2125 1423 2162 timen-

45 2156 134 2194 dum
162 2160 198 2196 ei
224 2173 298 2196 non
326 2168 433 2211 erat,
463 2171 506 2201 ut
532 2163 727 2205 Julianum
757 2168 987 2222 offenderet,
1016 2181 1057 2211 ut
1087 2177 1152 2223 qui
1180 2178 1262 2225 ipse
1291 2181 1423 2219 absur-

44 2213 111 2251 das
152 2214 199 2253 de
228 2214 314 2255 Diis
354 2219 526 2269 fabulas,
567 2235 589 2258 a
627 2226 748 2270 poetis
788 2226 835 2264 ad
876 2242 937 2266 res
967 2231 1208 2271 sublimiores
1238 2235 1307 2272 sub
1337 2239 1420 2276 istis

44 2272 152 2318 quasi
203 2274 391 2322 symbolis
437 2281 790 2331 repraesentandas,
834 2286 991 2333 putabat
1042 2301 1127 2327 esse
1181 2291 1355 2332 confictas
1367 2296 1419 2344 ²).

88 2435 134 2480 a)
159 2439 198 2471 E.
222 2451 256 2481 g.
281 2441 346 2474 Or.
369 2444 405 2476 in
430 2444 577 2479 Matrem
603 2448 760 2483 Deorum
799 2463 832 2495 p.
860 2454 937 2487 170.
986 2457 1147 2500 Veteres,
1179 2460 1239 2492 nbi
1277 2463 1420 2496 investi-

133 2493 206 2526 gata
230 2499 247 2517 a
268 2499 304 2537 ξε
328 2500 444 2522 rerum
470 2494 632 2536 principia
659 2495 884 2540 detexissent,
925 2497 1131 2535 ἐσκέπασαν
1163 2500 1256 2537 αὐτὰ
1286 2503 1421 2549 μύθοις

133 2529 372 2574 παραδοξοις,
408 2534 469 2566 ἵνα
503 2533 563 2569 διὰ
593 2538 656 2571 τοῦ
691 2540 923 2587 παραδόξου,
956 2546 1019 2578 καὶ
1055 2545 1355 2593 ἀπεμεμιίνοντος
1378 2552 1417 2588 τὸ

138 2570 289 2618 πλάσμα
324 2579 522 2624 φωραθὲν,
556 2580 619 2616 ἐπὶ
656 2581 720 2626 τὴν
751 2582 891 2630 ζήτησιν
920 2586 1016 2643 ἡμῖᾇς
1046 2592 1108 2634 τῆς·
1131 2591 1301 2637 ἀληθείας
1323 2609 1418 2650 πρρ·

132 2620 259 2665 τρείρῃ.
306 2623 357 2659 lta
384 2628 536 2662 oratione
570 2630 606 2664 in
629 2630 750 2666 Solem
773 2646 807 2678 p.
840 2638 918 2671 136.
959 2645 1095 2673 απιστα
1131 2639 1194 2674 καὶ
1225 2641 1418 2689 παράδοξα
